@book{goodrich,
  title = {{Introduction to Computer Security}},
  author = {Michael Goodrich and Roberto Tamassia},
  publisher = {Pearson},
  year = {2010},
  }

@misc{pktgen,
  title = {{Pktgen}},
  author = {Keith Wiles},
  howpublished = {\url{https://pktgen.readthedocs.org/}}
}

@misc{dpdk,
  title = {{DPDK: Data Plane Development Kit}},
  howpublished = {\url{http://dpdk.org/}}
}

@misc{ictf,
  author = {Giovanni Vigna},
  title = {{ICTF Data.}},
  howpublished = {\url{https://ictf.cs.ucsb.edu/}}
}

@misc{m57,
  author = {{Digital Corpora}},
  title = {{m57-Patents Scenario}},
  howpublished = {\url{http://digitalcorpora.org/corpora/scenarios/m57-patents-scenario}}
}

@misc{aryaka,
  author = {{Aryaka}},
  title = {{WAN Optimization}},
  howpublished = {\url{http://www.aryaka.com/}}
}

@misc{zscaler,
  title = {{ZScaler}},
  howpublished = {\url{http://www.zscaler.com/}}
}


@misc{nfv,
  title={{NFV Whitepaper}},
  author={{European Telecommunications Standards Institute}},
  howpublished = { \url{https://portal.etsi.org/nfv/nfv_white_paper.pdf}}
}

@misc{nfvwg,
  author = {{European Telecommunications Standards Institute}},
  title = {{NFV Membership}},
  howpublished = {\url{https://portal.etsi.org/TBSiteMap/NFV/NFVMembership.aspx}
  }
} 

@inproceedings{aplomb,
 author = {Sherry, Justine and Hasan, Shaddi and Scott, Colin and Krishnamurthy, Arvind and Ratnasamy, Sylvia and Sekar, Vyas},
 title = {{Making Middleboxes Someone else's Problem: Network Processing As a Cloud Service}},
 booktitle = {Proceedings of the ACM SIGCOMM 2012 Conference on Applications, Technologies, Architectures, and Protocols for Computer Communication},
 series = {SIGCOMM '12},
 year = {2012},
 isbn = {978-1-4503-1419-0},
 location = {Helsinki, Finland},
 pages = {13--24},
 numpages = {12},
 url = {http://doi.acm.org/10.1145/2342356.2342359},
 doi = {10.1145/2342356.2342359},
 acmid = {2342359},
 publisher = {ACM},
 address = {New York, NY, USA},
 keywords = {cloud, middlebox, outsourcing},
} 


@misc{ssldump,
  title = {{ssldump}},
  howpublished = {\url{http://www.rtfm.com/ssldump/}}
}


@misc{bluecoat,
  title = {{SSL Encrypted Traffic Visibility and Management}},
  author = {{BlueCoat}},
  howpublished = {\url{https://www.bluecoat.com/products/ssl-encrypted-traffic-visibility\\-and-management}}
}

@misc{parents,
  title={{University of Toulouse Internet Blacklists}},
  howpublished={\url{http://dsi.ut-capitole.fr/blacklists/}}
}
@article{click,
  author = {Kohler, Eddie and Morris, Robert and Chen, Benjie and Jannotti, John and Kaashoek, M. Frans},
  title = {{The Click Modular Router}},
  journal = {ACM Trans. Comput. Syst.},
  volume = {18},
  number = {3},
  month = aug,
  year = {2000},
  pages = {263--297},
} 

@mis{gnutls,
  title = {{The GnuTLS Transport Layer Security Library}},
  howpublished = {{\url{http://www.gnutls.org/}}}
}

@mis{squid,
  title = {{Squid: Optimising Web Delivery}},
  howpublished = {{\url{http://www.squid-cache.org/}}}
}

@misc{Snort,
  crossref = {Snort_manual}
}

@misc{Snort_manual,
  title = {Snort Users Manual},
  year = {2014},
  author = {{The Snort Project}},
  note = {Version 2.9.7}
}


@article{Bro,
  author = {Paxson, Vern},
  title = {{Bro: A System for Detecting Network Intruders in Real-time}},
  journal = {Computer Networks,},
  issue_date = {Dec. 1999},
  volume = {31},
  number = {23-24},
  month = dec,
  year = {1999},
  issn = {1389-1286},
  pages = {2435--2463},
} 


@TechReport{CMU_exfiltration_report,
  author = {George J. Silowash and  Todd Lewellen and Joshua W. Burns and Daniel L. Costa },
  title = {{Detecting and Preventing Data Exfiltration Through Encrypted Web Sessions via Traffic Inspection}},
  number = {CMU/SEI-2013-TN-012},
  year = {2013},
  institution = {{CERT} {P}rogram}
}


@TechReport{beyond_the_radio,
  title = {{Beyond the Radio: Illuminating the Higher Layers of Mobile Networks}},
  author = {N. Vallina-Rodriguez and S. Sundaresan and C. Kreibich and N. Weaver and V. Paxson},
  number = {TR-14-003},
  year = {2014},
  institution = {ICSI}
}	

@inproceedings{Meddle,
  author = {Ashwin Rao and Justine Sherry and Arnaud Legout  and Walid Dabbout and Arvind Krishnamurthy and David Choffnes},
  title = {{{Meddle}: Middleboxes for Increased Transparency and Control of Mobile Traffic}},
  year = {2012},
  booktitle = {CoNEXT Student Workshop}
}

@TechReport{Meddle_tech,
  author = {Ashwin Rao and Arash Molavi Kakhki and Abbas Razaghpanah and Amy Tang and Shen Wang and Justine Sherry and Phillipa Gill and Arvind Krishnamurthy and Arnaud Legout and Alan Mislove and David Choffnes},
  title = {{Using the Middle to Meddle with Mobile Tech}},
  number = {NEU-CCS-2013-12-10},
  year = {2013},
  institution  = {CCIS, Northeastern}
} 

@inproceedings{Yamada_IDS,
  author = {Yamada, A. and Saitama Miyake, Y.  and Takemori, K. and Studer, A. and Perrig, A.},
  title = {{Intrusion Detection for Encrypted Web Accesses}},
  year = {2007},
  booktitle = {21st International Conference on Advanced Information Networking and Applications Workshops}
}

@misc{SSL_intercept,
  title = {{SSL/TLS Interception Proxies and Transitive Trust}},
  author = {Jeff Jarmoc},
  year = {2012}, 
  journal = {Black Hat Europe}
}

@article{GOGO_fakecert,
  title = {{Gogo in-flight {Wi-Fi} serving spoofed {SSL} certificates}},
  author = {Adrian Kingsley-Hughes},
  journal = {ZDNet}, 
  year = {2015},

}

@article{Tor_fakecert,   
  title = {{Security vulnerability found in Cyberoam DPI devices (CVE-2012-3372)}},
  author = {Runa},
  journal = {Tor project's blog},
  year = {2012}
}

@misc{PBC_library,
  title = {{{PBC} Library: The Pairing-Based Cryptography Library}},
  note = {\url{http://crypto.stanford.edu/pbc/}},
  author = {Ben Lynn}
}

@article{thecostofS,
  author = {David Naylor and  
    Alessandro Finamore and 
      Ilias Leontiadis and
      Yan Grunenberger and 
      Marco Mellia and
      Maurizio Munafo and 
      Konstantina Papagiannaki  and
      Peter Steenkiste},
  title = {{The Cost of the ``S'' in HTTPS}},
  year = {2014},
  booktitle = {{CoNEXT}}
}

@article{Gogo_privacy,
  title = {{The Feds Cut a Deal With In-Flight {Wi-Fi} Providers, and Privacy Groups Are Worried}},
  author = {Kim Zetter},
  journal = {Wired},
  year = {2014}
}

@inproceedings{forgedSSL,
  title = {{Analyzing Forged SSL Certificates in the Wild}},
  author = {Lin-Shung Huang and Alex Rice and Erling Ellingsen and Collin Jackson},
  year = {2014},
  booktitle = {IEEE Symposium on Security and Privacy}
}

@misc{SPDY,
  title = {{SPDY: An experimental protocol for a faster web}},
  author = {The Chromium Projects},
  howpublished = {\url{http://www.chromium.org/spdy/spdy-whitepaper}}
}

@inproceedings{JustGarble,
  title = {{Efficient Garbling from a Fixed-Key Blockcipher}},
  author = {Mihir Bellare and Viet Tung Hoang and Sriram Keelveedhi and Phillip Rogaway},
  booktitle = {IEEE Symposium on Security and Privacy},
  year = 2013
}

@misc{OTExtension_library,
  title = {{OT Extension library}},
  howpublished = {\url{https://github.com/encryptogroup/OTExtension}},
}

@inproceedings{OTExtension_paper,
  title = {{More Efficient Oblivious Transfer and Extensions for Faster Secure Computation}},
  author = {Gilad Asharov and Yehuda Lindell and Thomas Schneider and Michael Zohner},
  booktitle = {CCS},
  year = {2013}
}


@inproceedings{OT_NaorPinkas,
  title = {{Oblivious Transfer with Adaptive Queries}},
  author = {Moni Naor and Benny Pinkas},
  booktitle = {{CRYPTO}},
  year = {1999}
}

@inproceedings{HEKM11,
  title = {{Faster Secure Two-party Computation using Garbled Circuits}},
  author = {Y. Huang and  D. Evans and J. Katz and L. Malka},
  booktitle = {USENIX Security Symposium},
  year = {2011}
}

@inproceedings{KSS12,
  title = {{Billion-gate Secure Computation with Malicious Adversaries}},
  author = {B. Kreuter and A. Shelat and C. Shen},
  booktitle = {USENIX Security Symposium},
  year = 2012
}

@article{packet_classif,
  title = {{Algorithms for Packet Classification}},
  author = {Pankaj Gupta and Nick McKeown},
  journal = {IEEE Network},
  issue_date = {March 2001},
  volume = {15},
  number = {2},
  month = mar,
  year = {2001},
  pages = {24--32},
  publisher = {IEEE Press}
}

@misc{verizon-costs,
  author = {{Verizon}},
  title = {{High Speed Internet Packages}},
  howpublished = {\url{http://www.verizon.com/smallbusiness/products/business-internet/broadband-packages/}}
}

@misc{megapath-costs,
  author = {{Megapath}},
  title = {{Ethernet Data Plus}},
  howpublished = {\url{http://www.megapath.com/promos/ethernet-dataplus/}}
}

@misc{comcast-costs,
  author = {{Comcast}},
  title = {{Small Business Internet}},
  howpublished = {\url{http://business.comcast.com/internet/business-internet/plans-pricing}}
}

@inproceedings{blindbox,
 author = {Sherry, Justine and Lan, Chang and Popa, Raluca Ada and Ratnasamy, Sylvia},
 title = {{BlindBox: Deep Packet Inspection over Encrypted Traffic}},
 booktitle = {Proceedings of the 2015 ACM Conference on Special Interest Group on Data Communication},
 series = {SIGCOMM '15},
 year = {2015},
 isbn = {978-1-4503-3542-3},
 location = {London, United Kingdom},
 pages = {213--226},
 numpages = {14},
 url = {http://doi.acm.org/10.1145/2785956.2787502},
 doi = {10.1145/2785956.2787502},
 acmid = {2787502},
 publisher = {ACM},
 address = {New York, NY, USA},
 keywords = {middlebox privacy, network privacy, searchable encryption},
} 


@book{GoldreichVol1,
  title = {{Foundations of Cryptography: Basic Tools}},
  author = "Goldreich, Oded",
  publisher = "Cambridge University Press",
  isbn = "0-521-79172-3",
  year = 2003
}


@inproceedings{BonehRange,
  title = {{Fully Collusion Resistant Traitor Tracing With Short Ciphertexts and Private Keys}},
  author = {Dan Boneh and  Amit Sahai and Brent Waters},
  crossref = {EUROCRYPT06}
}

@article{Vern:Anonymize06,
 author = {Pang, Ruoming and Allman, Mark and Paxson, Vern and Lee, Jason},
 title = {{The Devil and Packet Trace Anonymization}},
 journal = {SIGCOMM Comput. Commun. Rev.},
 issue_date = {January 2006},
 volume = {36},
 number = {1},
 month = jan,
 year = {2006},
 issn = {0146-4833},
 pages = {29--38},
 numpages = {10},
 url = {http://doi.acm.org/10.1145/1111322.1111330},
 doi = {10.1145/1111322.1111330},
 acmid = {1111330},
 publisher = {ACM},
 address = {New York, NY, USA},
} 

@inproceedings{Vern:Anonymize03,
 author = {Pang, Ruoming and Paxson, Vern},
 title = {{A High-level Programming Environment for Packet Trace Anonymization and Transformation}},
 booktitle = {Proceedings of the 2003 Conference on Applications, Technologies, Architectures, and Protocols for Computer Communications},
 series = {SIGCOMM '03},
 year = {2003},
 isbn = {1-58113-735-4},
 location = {Karlsruhe, Germany},
 pages = {339--351},
 numpages = {13},
 url = {http://doi.acm.org/10.1145/863955.863994},
 doi = {10.1145/863955.863994},
 acmid = {863994},
 publisher = {ACM},
 address = {New York, NY, USA},
 keywords = {anonymization, internet, measurement, network intrusion detection, packet trace, privacy, transformation},
} 

@misc{PrivacyRecords,
  author = { Privacy Rights Clearinghouse},
  title = {{ Chronology of data breaches }},
  howpublished={\url{http://www.privacyrights.org/data-breach}}
}


@misc{siit, 
  title = {{Stateless IP/ICMP Translation Algorithm (SIIT)}},
  author = {Network Working Group and  E. Nordmark},
  howpublished = {\url{https://tools.ietf.org/html/rfc2765}},
  year = {2000}
}                            


@inproceedings{naor-pinkas,
  address = {Philadelphia, {PA}, {USA}},
  series = {{SODA} '01},
  title = {{Efficient Oblivious Transfer Protocols}},
  isbn = {0-89871-490-7},
  url = {http://dl.acm.org/citation.cfm?id=365411.365502},
  timestamp = {2015-09-22 21:07:06},
  booktitle = {Proceedings of the Twelfth Annual {ACM}-{SIAM} Symposium on Discrete Algorithms},
  publisher = {Society for Industrial and Applied Mathematics},
  author = {Naor, Moni and Pinkas, Benny},
  year = {2001},
  pages = {448--457},
  numpages = {10},
  acmid = {365502}
}

@misc{etsi-nfv,
  title = {{{ETSI} Network Functions Virtualisation}},
  howpublished = {\url{http://www.etsi.org/technologies-clusters/technologies/nfv}},
  timestamp = {2015-09-22 21:08:20}
}

@misc{domain20,
  title = {{{AT}\&T Domain 2.0 Vision White Paper}},
  copyright = {{AT}\&T},
  howpublished = {\url{https://www.att.com/Common/about_us/pdf/AT\&T\%20Domain\%202.0\%20Vision\%20White\%20Paper.pdf}},
  timestamp = {2015-09-22 21:06:39},
  month = nov,
  year = {2013}
}

@inproceedings{flowtags,
  address = {Berkeley, {CA}, {USA}},
  series = {{NSDI}'14},
  title = {{Enforcing Network-wide Policies in the Presence of Dynamic Middlebox Actions Using FlowTags}},
  isbn = {978-1-931971-09-6},
  url = {http://dl.acm.org/citation.cfm?id=2616448.2616497},
  timestamp = {2015-09-22 21:07:20},
  booktitle = {Proceedings of the 11th {USENIX} Conference on Networked Systems Design and Implementation},
  publisher = {{USENIX} Association},
  author = {Fayazbakhsh, Seyed Kaveh and Chiang, Luis and Sekar, Vyas and Yu, Minlan and Mogul, Jeffrey C.},
  year = {2014},
  pages = {533--546},
  numpages = {14},
  acmid = {2616497}
}

@misc{opnfv,
  title = {{{OPNFV}: An Open Platform to Accelerate {NFV}}},
  howpublished = {\url{https://www.opnfv.org/sites/opnfv/files/pages/files/opnfv_whitepaper_103014.pdf}},
  timestamp = {2015-09-22 21:07:37}
}

@inproceedings{clickos,
  address = {Berkeley, {CA}, {USA}},
  series = {{NSDI}'14},
  title = {{{ClickOS} and the Art of Network Function Virtualization}},
  isbn = {978-1-931971-09-6},
  url = {http://dl.acm.org/citation.cfm?id=2616448.2616491},
  timestamp = {2015-09-22 21:06:18},
  booktitle = {Proceedings of the 11th {USENIX} Conference on Networked Systems Design and Implementation},
  publisher = {{USENIX} Association},
  author = {Martins, Joao and Ahmed, Mohamed and Raiciu, Costin and Olteanu, Vladimir and Honda, Michio and Bifulco, Roberto and Huici, Felipe},
  year = {2014},
  pages = {459--473},
  numpages = {15},
  acmid = {2616491}
}

@inproceedings{comb,
  address = {Berkeley, {CA}, {USA}},
  series = {{NSDI}'12},
  title = {{Design and Implementation of a Consolidated Middlebox Architecture}},
  url = {http://dl.acm.org/citation.cfm?id=2228298.2228331},
  timestamp = {2015-09-22 21:06:54},
  booktitle = {Proceedings of the 9th {USENIX} Conference on Networked Systems Design and Implementation},
  publisher = {{USENIX} Association},
  author = {Sekar, Vyas and Egi, Norbert and Ratnasamy, Sylvia and Reiter, Michael K. and Shi, Guangyu},
  year = {2012},
  pages = {24--24},
  numpages = {1},
  acmid = {2228331}
}

@inproceedings{opennf,
  address = {New York, {NY}, {USA}},
  series = {{SIGCOMM} '14},
  title = {{{OpenNF}: Enabling Innovation in Network Function Control}},
  isbn = {978-1-4503-2836-4},
  doi = {10.1145/2619239.2626313},
  timestamp = {2015-09-22 21:07:30},
  booktitle = {Proceedings of the 2014 {ACM} Conference on {SIGCOMM}},
  publisher = {{ACM}},
  author = {Gember-Jacobson, Aaron and Viswanathan, Raajay and Prakash, Chaithan and Grandl, Robert and Khalid, Junaid and Das, Sourav and Akella, Aditya},
  year = {2014},
  keywords = {middleboxes,network functions,software-defined networking},
  pages = {163--174},
  numpages = {12},
  acmid = {2626313}
}

@misc{telefonica,
  title = {{Telef{\'o}nica {NFV} Reference Lab}},
  howpublished = {\url{http://www.tid.es/long-term-innovation/network-innovation/telefonica-nfv-reference-lab}},
  timestamp = {2015-09-22 21:19:16}
}

@inproceedings{mb-manifesto,
  address = {New York, {NY}, {USA}},
  series = {{HotNets}-X},
  title = {{The Middlebox Manifesto: Enabling Innovation in Middlebox Deployment}},
  isbn = {978-1-4503-1059-8},
  doi = {10.1145/2070562.2070583},
  timestamp = {2015-09-22 21:07:52},
  booktitle = {Proceedings of the 10th {ACM} Workshop on Hot Topics in Networks},
  publisher = {{ACM}},
  author = {Sekar, Vyas and Ratnasamy, Sylvia and Reiter, Michael K. and Egi, Norbert and Shi, Guangyu},
  year = {2011},
  keywords = {consolidation,middlebox,network management},
  pages = {21:1--21:6},
  articleno = {21},
  numpages = {6},
  acmid = {2070583}
}

@inproceedings{colo,
  address = {New York, {NY}, {USA}},
  series = {{SOCC} '13},
  title = {{{COLO}: {COarse}-grained {LOck}-stepping Virtual Machines for Non-stop Service}},
  isbn = {978-1-4503-2428-1},
  doi = {10.1145/2523616.2523630},
  timestamp = {2015-09-22 21:06:27},
  booktitle = {Proceedings of the 4th Annual Symposium on Cloud Computing},
  publisher = {{ACM}},
  author = {Dong, {YaoZu} and Ye, Wei and Jiang, {YunHong} and Pratt, Ian and Ma, {ShiQing} and Li, Jian and Guan, {HaiBing}},
  year = {2013},
  pages = {3:1--3:16},
  articleno = {3},
  numpages = {16},
  acmid = {2523630}
}

@misc{brocade,
  title = {{Brocade Network Function Virtualization}},
  howpublished = {\url{http://www.brocade.com/en/products-services/software-networking/network-functions-virtualization.html}}
}

@misc{juniper,
  title = {{Network Edge Services Products}},
  howpublished = {\url{https://www.juniper.net/us/en/products-services/network-edge-services/}}
}

@misc{dell,
  title = {{Network Function Virtualization for Telecom}},
  howpublished = {\url{http://www.dell.com/learn/us/en/04/tme-telecommunications-solutions-telecom-nfv/}}
}

@misc{radioshack,
  title = {{RadioShack Sells Customer Data After Settling With States}},
  author = {{Bloomberg Business}},
  howpublished = {\url{http://www.bloomberg.com/news/articles/2015-05-20/radioshack-receives-approval-to-sell-name-to-standard-general}}
}

@misc{att,
  title = {{AT\&T fined \$25 million after call center employees stole customers’ data}},
  author = {{Ars Technica}},
  howpublished = {\url{http://arstechnica.com/tech-policy/2015/04/att-fined-25-million-after-call-center-employees-stole-customers-data/}}
}

@misc{databreach,
  title = {{2015 Data Breach Investigations Report}},
  author = {{Verizon}},
  howpublished = {\url{http://www.verizonenterprise.com/DBIR/2015/}}
}

@inproceedings{mctls,
 author = {Naylor, David and Schomp, Kyle and Varvello, Matteo and Leontiadis, Ilias and Blackburn, Jeremy and L\'{o}pez, Diego R. and Papagiannaki, Konstantina and Rodriguez Rodriguez, Pablo and Steenkiste, Peter},
 title = {{Multi-Context TLS (mcTLS): Enabling Secure In-Network Functionality in TLS}},
 booktitle = {Proceedings of the 2015 ACM Conference on Special Interest Group on Data Communication},
 series = {SIGCOMM '15},
 year = {2015},
 isbn = {978-1-4503-3542-3},
 location = {London, United Kingdom},
 pages = {199--212},
 numpages = {14},
 url = {http://doi.acm.org/10.1145/2785956.2787482},
 doi = {10.1145/2785956.2787482},
 acmid = {2787482},
 publisher = {ACM},
 address = {New York, NY, USA},
 keywords = {https, ssl, tls},
} 