@string{POT     = {Proceedings of the }}

@string{ASIACRYPT = {International Conference on the Theory and Application of Cryptology and Information Security ({ASIACRYPT})}}

@string{ASPLOS  = { International Conference on Architectural Support for
		    Programming Languages and Operating Systems ({ASPLOS})}}
@string{CACM    = { Communications of the ACM ({CACM})}}
@string{CIDR = { Biennial Conference on Innovative Data Systems Research ({CIDR})}}

@string{CCS     = { ACM Conference on Computer and Communications Security ({CCS})}}

@string{CloudCom = {   IEEE International Conference on Cloud Computing Technology and Science     ({CloudCom})}}

@string{CRYPTO={ International Cryptology Conference ({CRYPTO})}}

@string{ESORICS	= { European Symposium on Research in Computer Security ({ESORICS})}}

@string{EUROCRYPT={ Annual International Conference on the Theory and
                    Applications of Cryptographic Techniques ({Eurocrypt})}}

@string{EUROSYS = { ACM European Conference on Computer Systems ({EuroSys})}}

@string{ITCS = { Innovations in Theoretical Computer Science ({ITCS})}}

@string{FOCS = {  Annual Symposium on Foundations of Computer Science ({FOCS})}}

@string{FPL = { International Conference on Field Programmable Logic and Applications ({FPL})}}

@string{ICALP = { International Colloquium on Automata, Languages and Programming ({ICALP})}}

@string{IEEESP  = { IEEE Symposium on Security and Privacy ({IEEE S\&P})}}
@string{IFIPDAS = { IFIP WG 11.3 Working Conference on Database and Applications Security}}

@string{NDSS	= { Network and Distributed System Security Symposium ({NDSS})}}

@string{NSDI    = { Symposium on Networked Systems Design and Implementation ({NSDI})}}
@string{OLS	= { Linux Symposium }}

@string{OSDI    = { Symposium on Operating Systems Design and Implementation ({OSDI})}}
@string{OSR     = { ACM SIGOPS Operating System Review}}

@string{PETS={ Privacy Enhancing Technologies Symposium ({PETS})}}

@string{PKC = { IACR International Conference on Practice and Theory of Public Key Cryptography  ({PKC})}}

@string{PLDI    = { ACM SIGPLAN Conference on Programming Language Design and
                    Implementation ({PLDI})}}
@string{SIGMOD	= { ACM SIGMOD International Conference on Management of Data}}

@string{SOCC    = { ACM Symposium on Cloud Computing ({SOCC})}}
@string{SOSP    = { ACM Symposium on Operating Systems Principles ({SOSP})}}
@string{STOC    = { ACM Symposium on Theory of Computing ({STOC})}}

@string{TCC = {  Theory of Cryptography Conference ({TCC})}}
@string{TISSEC  = { ACM Transactions on Information and System Security}}

@string{TOCS    = { ACM Transactions on Computer Systems}}
@string{TOPLAS  = { ACM Transactions on Programming Languages and Systems}}

@string{USEC    = { USENIX Security Symposium}}
@string{WUSEC={ Workshop on Usable Security ({USEC})}}
@string{USENIX  = { USENIX Annual Technical Conference}}

@string{VLDB	= { International Conference on Very Large Data Bases ({VLDB})}}

