
@inproceedings{Yao86,
  author    = {Andrew C. Yao},
  title     = {How to Generate and Exchange Secrets},
  crossref      = {FOCS86}
}




@inproceedings{Bra12,
  author    = {Zvika Brakerski},
  title     = {Fully Homomorphic Encryption without Modulus Switching from
               Classical {GapSVP}},
  crossref = {CRYPTO12}
}

@inproceedings{LTV12,
  author    = {Adriana L{\'o}pez{-}Alt and
               Eran Tromer and
               Vinod Vaikuntanathan},
  title     = {On-the-fly multiparty computation on the cloud via multikey
               fully homomorphic encryption},
  crossref = {STOC12}
 }



@inproceedings{GVW12-publicindex,
    author = {Sergey Gorbunov and Vinod Vaikuntanathan and Hoeteck Wee},
    title = {Attribute-based Encryption for Circuits},
    crossref = {STOC13}
}

@misc{SV11,
  author    = {Nigel P. Smart and
               Frederik Vercauteren},
  title     = {Fully Homomorphic {SIMD} Operations},
  howpublished = {Cryptology ePrint Archive, Report 2011/133},
  year      = {2011},
}

@inproceedings{BGV12,
  author    = {Zvika Brakerski and
               Craig Gentry and
               Vinod Vaikuntanathan},
  title     = {({Leveled}) fully homomorphic encryption without bootstrapping},
  crossref = {ITCS12}
}



@misc{SW12,
    author = {Amit Sahai and Brent Waters},
    title = {Attribute-Based Encryption for Circuits from Multilinear Maps},
    howpublished = {Cryptology ePrint Archive, Report 2012/592},
    year = {2012},
}

@inproceedings{GISVW10,
  author    = {Vipul Goyal and
               Yuval Ishai and
               Amit Sahai and
               Ramarathnam Venkatesan and
               Akshay Wadia},
  title     = {Founding Cryptography on Tamper-Proof Hardware Tokens},
  crossref = {TCC10}
 }

@inproceedings{BCGHKR11,
  title={Program Obfuscation with Leaky Hardware},
    author={Nir Bitansky and Ran Canetti and Shafi Goldwasser and Shai Halevi and Yael Tauman Kalai and Guy N. Rothblum},
crossref= {ASIACRYPT11}
}

@inproceedings{CKVW10,
  author    = {Ran Canetti and
               Yael Tauman Kalai and
               Mayank Varia and
               Daniel Wichs},
  title     = {On Symmetric Encryption and Point Obfuscation},
  crossref = {TCC10}
  }

@misc{GGH12,
    author = {Sanjam Garg and Craig Gentry and Shai Halevi},
    title = {Candidate Multilinear Maps from Ideal Lattices and Applications},
    howpublished = {Cryptology ePrint Archive, Report 2012/610},
    year = {2012},
}

@inproceedings{Ale03,
  author    = {Michael Alekhnovich},
  title     = {More on Average Case vs Approximation Complexity},
  crossref = {FOCS03}
}

@proceedings{DBLP:conf/focs/2003,
  title     = {44th Symposium on Foundations of Computer Science (FOCS
               2003), 11-14 October 2003, Cambridge, MA, USA, Proceedings},
  crossref ={FOCS03}
}

@inproceedings{GargGH0SW13,
  author    = {Sanjam Garg and
               Craig Gentry and
               Shai Halevi and
               Mariana Raykova and
               Amit Sahai and
               Brent Waters},
  title     = {Candidate Indistinguishability Obfuscation and Functional
               Encryption for all Circuits},
  crossref = {FOCS13}
}



@article{BKW03,
  author    = {Avrim Blum and
               Adam Kalai and
               Hal Wasserman},
  title     = {Noise-tolerant learning, the parity problem, and the statistical
               query model},
  journal   = {J. ACM},
  volume    = {50},
  number    = {4},
  year      = {2003},
  pages     = {506-519},
  ee        = {http://doi.acm.org/10.1145/792538.792543},
  bibsource = {DBLP, http://dblp.uni-trier.de}
}


@inproceedings{PRV12,
  author    = {Bryan Parno and
               Mariana Raykova and
               Vinod Vaikuntanathan},
  title     = {How to Delegate and Verify in Public: Verifiable Computation
               from Attribute-Based Encryption},
  crossref = {TCC12}
}

@article{DHS06,
author = {Ori Dvir and Maurice Herlihy and Nir Shavit},
title = "Virtual leashing: Creating a computational foundation for software protection",
journal = "Journal of Parallel and Distributed Computing (Special Issue)",
volume = 66,
number = 9,
year = 2006,
pages = "1233--1240"
}

@article{HILL,
  author    = {Johan H{\aa}stad and
               Russell Impagliazzo and
               Leonid A. Levin and
               Michael Luby},
  title     = {A Pseudorandom Generator from any One-way Function},
  journal   = {SIAM J. Comput.},
  volume    = {28},
  number    = {4},
  year      = {1999},
  pages     = {1364-1396},
  ee        = {http://dx.doi.org/10.1137/S0097539793244708},
  bibsource = {DBLP, http://dblp.uni-trier.de}
}

@inproceedings{BMR,
  author    = {Donald Beaver and
               Silvio Micali and
               Phillip Rogaway},
  title     = {The Round Complexity of Secure Protocols (Extended Abstract)},
  crossref = {STOC90},
}

@inproceedings{BW06,
  author    = {Xavier Boyen and
               Brent Waters},
  title     = {Anonymous Hierarchical Identity-Based Encryption (Without
               Random Oracles)},
  crossref = {CRYPTO06},
}

@inproceedings{OSW07,
  author    = {Rafail Ostrovsky and
               Amit Sahai and
               Brent Waters},
  title     = {Attribute-based encryption with non-monotonic access structures},
  crossref = {CCS07},
}

@inproceedings{OT10,
  author    = {Tatsuaki Okamoto and
               Katsuyuki Takashima},
  title     = {Fully Secure Functional Encryption with General Relations
               from the Decisional Linear Assumption},
  crossref = {CRYPTO10},
}


%IBE

@inproceedings{BF01,
  author    = {Dan Boneh and
               Matthew K. Franklin},
  title     = {Identity-Based Encryption from the Weil Pairing},
  crossref = {CRYPTO01},
}

@inproceedings{shamiribe,
  author    = {Adi Shamir},
  title     = {Identity-Based Cryptosystems and Signature Schemes},
  crossref = {CRYPTO84},
}

@inproceedings{cocks,
  author    = {Clifford Cocks},
  title     = {An Identity Based Encryption Scheme Based on Quadratic Residues},
  booktitle = {IMA Int. Conf.},
  year      = {2001},
  pages     = {360-363},
  ee        = {http://dx.doi.org/10.1007/3-540-45325-3_32},
  crossref  = {DBLP:conf/ima/2001},
  bibsource = {DBLP, http://dblp.uni-trier.de}
}

@inproceedings{CHK03,
 author = {Canetti, Ran and Halevi, Shai and Katz, Jonathan},
 title = {A forward-secure public-key encryption scheme},
 booktitle = {Proceedings of the 22nd international conference on Theory and applications of cryptographic techniques},
 crossref = {EUROCRYPT03}
}

@incollection {BB04selective,
   author = {Boneh, Dan and Boyen, Xavier},
   title = {Efficient Selective-{ID} Secure Identity-Based Encryption Without Random Oracles},
   crossref = {EUROCRYPT04},
}

@incollection {BB04adaptive,
   author = {Boneh, Dan and Boyen, Xavier},
   title = {Secure Identity Based Encryption Without Random Oracles},
   crossref = {CRYPTO04},
}

@inproceedings{W05IBE,
  author    = {Brent Waters},
  title     = {Efficient Identity-Based Encryption Without Random Oracles},
  crossref = {EUROCRYPT05},
}

@proceedings{DBLP:conf/eurocrypt/2005,
  editor    = {Ronald Cramer},
  title     = {Advances in Cryptology - EUROCRYPT 2005, 24th Annual International
               Conference on the Theory and Applications of Cryptographic
               Techniques, Aarhus, Denmark, May 22-26, 2005, Proceedings},
  crossref = {EUROCRYPT05},
}


@inproceedings{Gen06IBE,
  author    = {Craig Gentry},
  title     = {Practical Identity-Based Encryption Without Random Oracles},
  crossref = {EUROCRYPT06},
  }

@inproceedings{GKPVZ13-FE,
outsortkey = {afc},
     author = {Goldwasser, Shafi and Kalai, Yael and Popa, Raluca Ada and Vaikuntanathan, Vinod and Zeldovich, Nickolai},
     title = {Reusable garbled circuits and succinct functional encryption},
     booktitle = {ACM Symposium on Theory of Computing (STOC)},
     year = {2013},
 }
% predicate encryption

@inproceedings{KSW08,
  author    = {Jonathan Katz and
               Amit Sahai and
               Brent Waters},
  title     = {Predicate Encryption Supporting Disjunctions, Polynomial
               Equations, and Inner Products},
  crossref  = {EUROCRYPT08},
}

@inproceedings{BW07,
 author = {Boneh, Dan and Waters, Brent},
 title = {Conjunctive, subset, and range queries on encrypted data},
 crossref = {TCC07},
 year = {2007},
}

@article{ABCKKLMNPS08,
 author = {Abdalla, Michel and Bellare, Mihir and Catalano, Dario and Kiltz, Eike and Kohno, Tadayoshi and Lange, Tanja and Malone-Lee, John and Neven, Gregory and Paillier, Pascal and Shi, Haixia},
 title = {Searchable Encryption Revisited: Consistency Properties, Relation to Anonymous {IBE}, and Extensions},
 journal = {Journal of Cryptology},
  year = {2008},
 }


@inproceedings{SSW09,
  author    = {Emily Shen and
               Elaine Shi and
               Brent Waters},
  title     = {Predicate Privacy in Encryption Systems},
  crossref = {TCC09}
}


@inproceedings{LOSTW10,
  author    = {Allison B. Lewko and
               Tatsuaki Okamoto and
               Amit Sahai and
               Katsuyuki Takashima and
               Brent Waters},
  title     = {Fully Secure Functional Encryption: Attribute-Based Encryption
               and (Hierarchical) Inner Product Encryption},
  crossref = {EUROCRYPT10},
}


@inproceedings{OT09,
   author = {Okamoto, Tatsuaki and Takashima, Katsuyuki},
   title = {Hierarchical Predicate Encryption for Inner-Products},
   crossref = {ASIACRYPT09},
}

% ABE

@inproceedings{SW05,
  author    = {Amit Sahai and
               Brent Waters},
  title     = {Fuzzy Identity-Based Encryption},
  crossref = {EUROCRYPT05},
}

@inproceedings{GPSW06,
  author    = {Vipul Goyal and
               Omkant Pandey and
               Amit Sahai and
               Brent Waters},
  title     = {Attribute-based encryption for fine-grained access control
               of encrypted data},
  crossref      = {CCS06},
}


@inproceedings{BSW07,
	 author = {Bethencourt, John and Sahai, Amit and Waters, Brent},
	 title = {Ciphertext-Policy Attribute-Based Encryption},
	 crossref = {IEEESP07},
}


@inproceedings{GJPS08,
  author    = {Vipul Goyal and
               Abhishek Jain and
               Omkant Pandey and
               Amit Sahai},
  title     = {Bounded Ciphertext Policy Attribute Based Encryption},
  crossref  = {ICALP08},
 }



@inproceedings{Wat11,
 author = {Waters, Brent},
 title = {Ciphertext-policy attribute-based encryption: an expressive, efficient, and provably secure realization},
 crossref = {PKC11},
 }

@article{AIK05,
  author    = {Benny Applebaum and
               Yuval Ishai and
               Eyal Kushilevitz},
  title     = {Computationally Private Randomizing Polynomials and Their
               Applications},
  journal   = {Computational Complexity},
  volume    = {15},
  number    = {2},
  year      = {2006},
  }

@inproceedings{DI05,
  author    = {Ivan Damg{\aa}rd and
               Yuval Ishai},
  title     = {Constant-Round Multiparty Computation Using a Black-Box
               Pseudorandom Generator},
  crossref = {CRYPTO05},
}

@inproceedings{IK00,
  author    = {Yuval Ishai and
               Eyal Kushilevitz},
  title     = {Randomizing Polynomials: A New Representation with Applications
               to Round-Efficient Secure Computation},
  crossref = {FOCS00},
}




@inproceedings{SS10Worryfree,
  author    = {Amit Sahai and
               Hakan Seyalioglu},
  title     = {Worry-free encryption: functional encryption with public
               keys},
  crossref = {CCS10},
}


@misc{ON10,
    author = {Adam O'Neill},
    title = {Definitional Issues in Functional Encryption},
    howpublished = {Cryptology ePrint Archive, Report 2010/556},
    year = {2010},
}


@misc{GH11squash,
    author = {Craig Gentry and Shai Halevi},
    title = {Fully Homomorphic Encryption without Squashing Using Depth-3 Arithmetic Circuits},
    howpublished = {Cryptology ePrint Archive, Report 2011/279},
    year = {2011},
}

@inproceedings{BMR90,
 author = {Beaver, D. and Micali, S. and Rogaway, P.},
 title = {The round complexity of secure protocols},
 crossref = {STOC90},
}

@inproceedings{GKR08,
 author = {Goldwasser, Shafi and Kalai, Yael Tauman and Rothblum, Guy N.},
 title = {One-Time Programs},
 crossref = {CRYPTO08},
 }



@inproceedings{GR07,
 author = {Goldwasser, Shafi and Rothblum, Guy N.},
 title = {On best-possible obfuscation},
 crossref = {TCC07},
 }



@inproceedings{MV10,
  author    = {Daniele Micciancio and
               Panagiotis Voulgaris},
  title     = {A deterministic single exponential time algorithm for most
               lattice problems based on {Voronoi} cell computations},
  crossref      = {STOC10},
}


@article{Shamir79,
 author = {Shamir, Adi},
 title = {How to share a secret},
 journal = {Commun. ACM},
 volume = {22},
 issue = {11},
 month = {November},
 year = {1979},
}

@inproceedings{AKS,
  author    = {Mikl{\'o}s Ajtai and
               Ravi Kumar and
               D. Sivakumar},
  title     = {A sieve algorithm for the shortest lattice vector problem},
  crossref = {STOC01}
}


@article{GGM86,
  author    = {Oded Goldreich and
               Shafi Goldwasser and
               Silvio Micali},
  title     = {How to construct random functions},
  journal   = {J. ACM},
  volume    = {33},
  number    = {4},
  year      = {1986},
}


@misc{RS10,
    author = {Markus R\"{u}ckert and Michael Schneider},
    title = {Estimating the Security of Lattice-based Cryptosystems},
    howpublished = {Cryptology ePrint Archive, Report 2010/137},
    year = {2010},
}

@inproceedings{LP11,
  author    = {Richard Lindner and
               Chris Peikert},
  title     = {Better Key Sizes (and Attacks) for {LWE}-Based Encryption},
  booktitle = {CT-RSA},
  year      = {2011},
   crossref  = {DBLP:conf/ctrsa/2011},

}

@proceedings{DBLP:conf/ctrsa/2011,
  title     = {Topics in Cryptology - CT-RSA 2011 - The Cryptographers'
               Track at the RSA Conference 2011, San Francisco, CA, USA,
               February 14-18, 2011. Proceedings},
  booktitle = {CT-RSA},
  year      = {2011},
}


@inproceedings{PVW08,
  author    = {Chris Peikert and
               Vinod Vaikuntanathan and
               Brent Waters},
  title     = {A Framework for Efficient and Composable Oblivious Transfer},
  crossref = {CRYPTO08},
  year      = {2008},
}



@inproceedings{Pai99,
  author    = {Pascal Paillier},
  title     = {Public-Key Cryptosystems Based on Composite Degree Residuosity
               Classes},
  crossref = {EUROCRYPT99},
}


@article{RSA83,
  author    = {Ronald L. Rivest and
               Adi Shamir and
               Leonard M. Adleman},
  title     = {A Method for Obtaining Digital Signatures and Public-Key
               Cryptosystems (Reprint)},
  journal   = {Commun. ACM},
  volume    = {26},
  number    = {1},
  year      = {1983},
}

 @inproceedings{ElGamal,
 	author = {Taher ElGamal},
	year = {1984},
	title = {A Public-Key Cryptosystem and a Signature Scheme Based on Discrete Logarithms},
	crossref = {CRYPTO84} 
}

@inproceedings{GMW87,
 	author = {Goldreich, Oded and Micali, Silvio and Wigderson, Avi},
 	title = {How to play ANY mental game},
 	crossref = {STOC87},
}






@article{Micciancio10Column,
 author = {Micciancio, Daniele},
 title = {A first glimpse of cryptography's Holy Grail},
 journal = {Commun. ACM},
 issue_date = {March 2010},
 volume = {53},
 issue = {3},
 month = {March},
 year = {2010},

}

@inproceedings{SS10FHE,
  author    = {Damien Stehl{\'e} and
               Ron Steinfeld},
  title     = {Faster Fully Homomorphic Encryption},
  crossref = {ASIACRYPT10},
}


@article{Mic00,
  author    = {Daniele Micciancio},
  title     = {The Shortest Vector in a Lattice is Hard to Approximate
               to within Some Constant},
  journal   = {SIAM J. Comput.},
  volume    = {30},
  number    = {6},
  year      = {2000},
}


@inproceedings{Ajtai98,
  author    = {Mikl{\'o}s Ajtai},
  title     = {The Shortest Vector Problem in {\it $_{\mbox{2}}$} is {\it P}-hard
               for Randomized Reductions (Extended Abstract)},
  crossref = {STOC98},
}



@article {LLL,
   author = {Lenstra, A. K. and Lenstra, H. W. and Lovász, L.},
   affiliation = {Mathematisch Centrum Kruislaan 413 NL-1098 SJ Amsterdam The Netherlands},
   title = {Factoring polynomials with rational coefficients},
   journal = {Mathematische Annalen},
   publisher = {Springer Berlin / Heidelberg},
   issn = {0025-5831},
   keyword = {Mathematics and Statistics},
   pages = {515-534},
   volume = {261},
   issue = {4},
   url = {http://dx.doi.org/10.1007/BF01457454},
   note = {10.1007/BF01457454},
   year = {1982}
}

@inproceedings{ACPS09,
  author    = {Benny Applebaum and
               David Cash and
               Chris Peikert and
               Amit Sahai},
  title     = {Fast Cryptographic Primitives and Circular-Secure Encryption
               Based on Hard Learning Problems},
  booktitle = {CRYPTO},
  year      = {2009},
  pages     = {595-618},
  ee        = {http://dx.doi.org/10.1007/978-3-642-03356-8_35},
  crossref  = {DBLP:conf/crypto/2009},
  bibsource = {DBLP, http://dblp.uni-trier.de}
}

@proceedings{DBLP:conf/crypto/2009,
  editor    = {Shai Halevi},
  title     = {Advances in Cryptology - CRYPTO 2009, 29th Annual International
               Cryptology Conference, Santa Barbara, CA, USA, August 16-20,
               2009. Proceedings},
  booktitle = {CRYPTO},
  publisher = {Springer},
  series    = {Lecture Notes in Computer Science},
  volume    = {5677},
  year      = {2009},
  isbn      = {978-3-642-03355-1},
  ee        = {http://dx.doi.org/10.1007/978-3-642-03356-8},
  bibsource = {DBLP, http://dblp.uni-trier.de}
}


@inproceedings{AGV09,
  author    = {Adi Akavia and
               Shafi Goldwasser and
               Vinod Vaikuntanathan},
  title     = {Simultaneous Hardcore Bits and Cryptography against Memory
               Attacks},
  crossref = {TCC09},
 }




@inproceedings{IP07,
  author    = {Yuval Ishai and
               Anat Paskin},
  title     = {Evaluating Branching Programs on Encrypted Data},
  crossref = {TCC07},
}



@inproceedings{AMGH10,
  author    = {Carlos Aguilar Melchor and
               Philippe Gaborit and
               Javier Herranz},
  title     = {Additively Homomorphic Encryption with {\it d}-Operand
               Multiplications},
  crossref = {CRYPTO10},

}

@inproceedings{SYY99,
  author    = {Tomas Sander and
               Adam Young and
               Moti Yung},
  title     = {Non-Interactive CryptoComputing For {NC}$^{\mbox{1}}$},
  booktitle = {FOCS},
  year      = {1999},
  pages     = {554-567},
  ee        = {http://computer.org/proceedings/focs/0409/04090554abs.htm},
  bibsource = {DBLP, http://dblp.uni-trier.de}
}


@inproceedings{GentryHV10,
  author    = {Craig Gentry and
               Shai Halevi and
               Vinod Vaikuntanathan},
  title     = {{\it i}-Hop Homomorphic Encryption and Rerandomizable {Yao}
               Circuits},
  crossref = {CRYPTO10}
}



@misc{Barak11,
  author    = {Boaz Barak},
  note = {Personal Communication},
  year = 2011
}


@inproceedings{ILL89,
  author    = {Russell Impagliazzo and
               Leonid A. Levin and
               Michael Luby},
  title     = {Pseudo-random Generation from one-way functions (Extended
               Abstracts)},
  booktitle = {STOC},
  year      = {1989},
  pages     = {12-24},
  crossref  = {DBLP:conf/stoc/STOC21},
  bibsource = {DBLP, http://dblp.uni-trier.de}
}

@proceedings{DBLP:conf/stoc/STOC21,
  title     = {Proceedings of the Twenty-First Annual ACM Symposium on
               Theory of Computing, 15-17 May 1989, Seattle, Washington,
               USA},
  booktitle = {STOC},
  publisher = {ACM},
  year      = {1989},
  bibsource = {DBLP, http://dblp.uni-trier.de}
}

@inproceedings{Peikert09,
  author    = {Chris Peikert},
  title     = {Public-key cryptosystems from the worst-case shortest vector
               problem},
  crossref = {STOC09},
}


@inproceedings{ABB10b,
  author    = {Shweta Agrawal and
               Dan Boneh and
               Xavier Boyen},
  title     = {Lattice Basis Delegation in Fixed Dimension and Shorter-Ciphertext
               Hierarchical IBE},
  crossref = {CRYPTO10},
}

@inproceedings{ABB10a,
  author    = {Shweta Agrawal and
               Dan Boneh and
               Xavier Boyen},
  title     = {Efficient Lattice {(H)IBE} in the Standard Model},
  crossref = {EUROCRYPT10},
}


@inproceedings{CHKP10,
  author    = {David Cash and
               Dennis Hofheinz and
               Eike Kiltz and
               Chris Peikert},
  title     = {Bonsai Trees, or How to Delegate a Lattice Basis},
  crossref = {EUROCRYPT10},
}

@article{BCOP03,
  author    = {Dan Boneh and
               Giovanni Di Crescenzo and
               Rafail Ostrovsky and
               Giuseppe Persiano},
  title     = {Public Key Encryption with keyword Search},
  journal   = {IACR Cryptology ePrint Archive},
  volume    = {2003},
  year      = {2003},
  pages     = {195},
 }

@inproceedings{BCOP04,
  author    = {Dan Boneh and
               Giovanni Di Crescenzo and
               Rafail Ostrovsky and
               Giuseppe Persiano},
  title     = {Public Key Encryption with Keyword Search},
  crossref = {EUROCRYPT04},
 }

@proceedings{DBLP:conf/eurocrypt/2004,
  title     = {EUROCRYPT},
  year      = {2004},
  isbn      = {3-540-21935-8},
  bibsource = {DBLP, http://dblp.uni-trier.de}
}

% FHE




@inproceedings{GHS12,
 author = {Gentry, Craig and Halevi, Shai and Smart, Nigel P.},
 title = {Fully homomorphic encryption with polylog overhead},
 crossref = {EUROCRYPT12},
 }


@inproceedings{BV11ideal,
    author = {Zvika Brakerski and Vinod Vaikuntanathan},
    title = {Fully Homomorphic Encryption from Ring-{LWE} and Security for Key Dependent Messages},
    crossref = {CRYPTO11},
}

@inproceedings{BV11lwe,
    author = {Zvika Brakerski and Vinod Vaikuntanathan},
    title = {Efficient Fully Homomorphic Encryption from (Standard) {LWE}},
    crossref = {FOCS11},
}


@inproceedings{Lipmaa05,
  author    = {Helger Lipmaa},
  title     = {An Oblivious Transfer Protocol with Log-Squared Communication},
  booktitle = {ISC},
  year      = {2005},
  pages     = {314-328},
  ee        = {http://dx.doi.org/10.1007/11556992_23},
  crossref  = {DBLP:conf/isw/2005},
  bibsource = {DBLP, http://dblp.uni-trier.de}
}
@proceedings{DBLP:conf/isw/2005,
  editor    = {Jianying Zhou and
               Javier Lopez and
               Robert H. Deng and
               Feng Bao},
  title     = {Information Security, 8th International Conference, ISC
               2005, Singapore, September 20-23, 2005, Proceedings},
  booktitle = {ISC},
  publisher = {Springer},
  series    = {Lecture Notes in Computer Science},
  volume    = {3650},
  year      = {2005},
  isbn      = {3-540-29001-X},
  bibsource = {DBLP, http://dblp.uni-trier.de}
}

@inproceedings{PirSurveyOstrovskyS07,
  author    = {Rafail Ostrovsky and
               William E. Skeith{ III}},
  title     = {A Survey of Single-Database Private Information Retrieval:
               Techniques and Applications},
  booktitle = {Public Key Cryptography},
  year      = {2007},
  pages     = {393-411},
  ee        = {http://dx.doi.org/10.1007/978-3-540-71677-8_26},
  crossref  = {DBLP:conf/pkc/2007},
  bibsource = {DBLP, http://dblp.uni-trier.de}
}
@inproceedings{GentryR05,
  author    = {Craig Gentry and
               Zulfikar Ramzan},
  title     = {Single-Database Private Information Retrieval with Constant
               Communication Rate},
  booktitle = {ICALP},
  year      = {2005},
  pages     = {803-815},
  ee        = {http://dx.doi.org/10.1007/11523468_65},
  crossref  = {DBLP:conf/icalp/2005},
  bibsource = {DBLP, http://dblp.uni-trier.de}
}

@proceedings{DBLP:conf/icalp/2005,
  editor    = {Lu\'{\i}s Caires and
               Giuseppe F. Italiano and
               Lu\'{\i}s Monteiro and
               Catuscia Palamidessi and
               Moti Yung},
  title     = {Automata, Languages and Programming, 32nd International
               Colloquium, ICALP 2005, Lisbon, Portugal, July 11-15, 2005,
               Proceedings},
  booktitle = {ICALP},
  publisher = {Springer},
  series    = {Lecture Notes in Computer Science},
  volume    = {3580},
  year      = {2005},
  isbn      = {3-540-27580-0},
  bibsource = {DBLP, http://dblp.uni-trier.de}
}

@inproceedings{CMS99,
  author    = {Christian Cachin and
               Silvio Micali and
               Markus Stadler},
  title     = {Computationally Private Information Retrieval with Polylogarithmic
               Communication},
  booktitle = {EUROCRYPT},
  year      = {1999},
  pages     = {402-414},
  ee        = {http://link.springer.de/link/service/series/0558/bibs/1592/15920402.htm},
  bibsource = {DBLP, http://dblp.uni-trier.de}
}


@inproceedings{KO97,
  author    = {Eyal Kushilevitz and
               Rafail Ostrovsky},
  title     = {Replication is NOT Needed: SINGLE Database, Computationally-Private
               Information Retrieval},
  booktitle = {FOCS},
  year      = {1997},
  pages     = {364-373},
  ee        = {http://computer.org/proceedings/focs/8197/81970364abs.htm},
  bibsource = {DBLP, http://dblp.uni-trier.de}
}

@article{HILL99,
 author = {Hastad, Johan and Impagliazzo, Russell and Levin, Leonid A. and Luby, Michael},
 title = {A Pseudorandom Generator from any One-way Function},
 journal = {SIAM J. Comput.},
 volume = {28},
 issue = {4},
 month = {March},
 year = {1999},
 issn = {0097-5397},
 pages = {1364--1396},
 numpages = {33},
 url = {http://dx.doi.org/10.1137/S0097539793244708},
 doi = {http://dx.doi.org/10.1137/S0097539793244708},
 acmid = {312213},
 publisher = {Society for Industrial and Applied Mathematics},
 address = {Philadelphia, PA, USA},
 keywords = {complexity theory, cryptography, one-way function, pseudorandom generator},
}

@article{GGM86,
 author = {Goldreich, Oded and Goldwasser, Shafi and Micali, Silvio},
 title = {How to construct random functions},
 journal = {J. ACM},
 volume = {33},
 issue = {4},
 month = {August},
 year = {1986},
 issn = {0004-5411},
 pages = {792--807},
 numpages = {16},
 url = {http://doi.acm.org/10.1145/6490.6503},
 doi = {http://doi.acm.org/10.1145/6490.6503},
 acmid = {6503},
 publisher = {ACM},
 address = {New York, NY, USA},
}



@inproceedings{Rot11,
  author    = {Ron Rothblum},
  title     = {Homomorphic Encryption: From Private-Key to Public-Key},
  crossref = {TCC11},
}


@InProceedings{BGN,
  author =       "Dan Boneh and
                  Eu-Jin Goh and
                  Kobbi Nissim",
  title =        "Evaluating 2-{DNF} Formulas on Ciphertexts",
  crossref = {TCC05},
}

@inproceedings{CF85,
  author    = {Josh D. Cohen and
               Michael J. Fischer},
  title     = {A Robust and Verifiable Cryptographically Secure Election
               Scheme (Extended Abstract)},
  booktitle = {FOCS},
  year      = {1985},
  pages     = {372-382},
  crossref  = {DBLP:conf/focs/FOCS26},
  bibsource = {DBLP, http://dblp.uni-trier.de}
}

@misc{AHI11,
    author = {Benny Applebaum and Danny Harnik and Yuval Ishai},
    title = {Semantic Security Under Related-Key Attacks and Applications},
    howpublished = {Cryptology ePrint Archive, Report 2010/544},
    year = {2010},
    note = {To Appear in Innovations in Computer Science (ICS) 2011. \url{http://eprint.iacr.org/2010/544}},
}


@inproceedings{SSTX09,
  author    = {Damien Stehl{\'e} and
               Ron Steinfeld and
               Keisuke Tanaka and
               Keita Xagawa},
  title     = {Efficient Public Key Encryption Based on Ideal Lattices},
  booktitle = {ASIACRYPT},
  year      = {2009},
  pages     = {617-635},
  ee        = {http://dx.doi.org/10.1007/978-3-642-10366-7_36},
  crossref  = {DBLP:conf/asiacrypt/2009},
  bibsource = {DBLP, http://dblp.uni-trier.de}
}

@proceedings{DBLP:conf/asiacrypt/2009,
  editor    = {Mitsuru Matsui},
  title     = {Advances in Cryptology - ASIACRYPT 2009, 15th International
               Conference on the Theory and Application of Cryptology and
               Information Security, Tokyo, Japan, December 6-10, 2009.
               Proceedings},
  booktitle = {ASIACRYPT},
  publisher = {Springer},
  series    = {Lecture Notes in Computer Science},
  volume    = {5912},
  year      = {2009},
  isbn      = {978-3-642-10365-0},
  ee        = {http://dx.doi.org/10.1007/978-3-642-10366-7},
  bibsource = {DBLP, http://dblp.uni-trier.de}
}




@proceedings{DBLP:conf/focs/FOCS26,
  title     = {26th Annual Symposium on Foundations of Computer Science,
               21-23 October 1985, Portland, Oregon, USA},
  booktitle = {FOCS},
  publisher = {IEEE},
  year      = {1985},
  bibsource = {DBLP, http://dblp.uni-trier.de}
}


@inproceedings{MR09,
  author    = {Daniele Micciancio and Oded Regev},
  title     = {Lattice-based Cryptography},
  booktitle = {Post-Quantum Cryptography},
  year      = {2009},
  publisher      = {Springer}
}


@inproceedings{Rothblum11,
  author    = {Ron Rothblum},
  title     = {Homomorphic Encryption: From Private-Key to Public-Key},
  crossref = {TCC11},
}




@book{Goldreich2,
author = {Oded Goldreich},
title = {Foundations of Cryptography - Basic Applications},
publisher = {Cambridge University Press},
year = {2004},
}


@inproceedings{App11,
  author    = {Benny Applebaum},
  title     = {Key-Dependent Message Security: Generic Amplification and Completeness Theorems},
  crossref = {EUROCRYPT11},
}


@inproceedings{GPV08,
  author    = {Craig Gentry and
               Chris Peikert and
               Vinod Vaikuntanathan},
  title     = {Trapdoors for hard lattices and new cryptographic constructions},
  crossref = {STOC08},
}


@article{MR07,
  author    = {Daniele Micciancio and
               Oded Regev},
  title     = {Worst-Case to Average-Case Reductions Based on Gaussian
               Measures},
  journal   = {SIAM J. Comput.},
  volume    = {37},
  number    = {1},
  year      = {2007},
  pages     = {267-302},
  ee        = {http://dx.doi.org/10.1137/S0097539705447360},
  bibsource = {DBLP, http://dblp.uni-trier.de}
}




@inproceedings{GKPV10,
  author    = {Shafi Goldwasser and
               Yael Tauman Kalai and
               Chris Peikert and
               Vinod Vaikuntanathan},
  title     = {Robustness of the Learning with Errors Assumption},
  booktitle = {ICS},
  year      = {2010},
  pages     = {230-240},
  ee        = {http://conference.itcs.tsinghua.edu.cn/ICS2010/content/papers/19.html},
  crossref  = {DBLP:conf/innovations/2010},
  bibsource = {DBLP, http://dblp.uni-trier.de}
}

@proceedings{DBLP:conf/innovations/2010,
  editor    = {Andrew C. Yao},
  title     = {Innovations in Computer Science - ICS 2010, Tsinghua University,
               Beijing, China, January 5-7, 2010. Proceedings},
  booktitle = {ICS},
  publisher = {Tsinghua University Press},
  year      = {2010},
  isbn      = {978-7-302-21752-7},
  bibsource = {DBLP, http://dblp.uni-trier.de}
}




% Circular security

@inproceedings{BHHI10,
  author    = {Boaz Barak and
               Iftach Haitner and
               Dennis Hofheinz and
               Yuval Ishai},
  title     = {Bounded Key-Dependent Message Security},
  crossref = {EUROCRYPT10},
}

@inproceedings{BG10,
  author    = {Zvika Brakerski and
               Shafi Goldwasser},
  title     = {Circular and Leakage Resilient Public-Key Encryption under
               Subgroup Indistinguishability - (or: Quadratic Residuosity
               Strikes Back)},
  booktitle = {CRYPTO},
  year      = {2010},
  pages     = {1-20},
  ee        = {http://dx.doi.org/10.1007/978-3-642-14623-7_1},
  crossref  = {DBLP:conf/crypto/2010},
  bibsource = {DBLP, http://dblp.uni-trier.de}
}

@inproceedings{MTY11,
  author    = {Tal Malkin and
                Isamu Teranishi and
                Moti Yung},
  title     = {Efficient Circuit-Size Independent Public Key Encryption with KDM Security},
  crossref = {EUROCRYPT11},
}

@inproceedings{BGK11,
  author    = {Zvika Brakerski and
                Shafi Goldwasser and
                Yael Kalai},
  title     = {Black-Box Circular Secure Encryption Beyond Affine Functions},
  crossref = {TCC11},
}


@inproceedings{BHHO08,
  author    = {Dan Boneh and
               Shai Halevi and
               Michael Hamburg and
               Rafail Ostrovsky},
  title     = {Circular-Secure Encryption from Decision Diffie-Hellman},
  booktitle = {CRYPTO},
  year      = {2008},
  pages     = {108-125},
  ee        = {http://dx.doi.org/10.1007/978-3-540-85174-5_7},
  crossref  = {DBLP:conf/crypto/2008},
  bibsource = {DBLP, http://dblp.uni-trier.de}
}
@proceedings{DBLP:conf/crypto/2008,
  editor    = {David Wagner},
  title     = {Advances in Cryptology - CRYPTO 2008, 28th Annual International
               Cryptology Conference, Santa Barbara, CA, USA, August 17-21,
               2008. Proceedings},
  booktitle = {CRYPTO},
  publisher = {Springer},
  series    = {Lecture Notes in Computer Science},
  volume    = {5157},
  year      = {2008},
  isbn      = {978-3-540-85173-8},
  bibsource = {DBLP, http://dblp.uni-trier.de}
}

@inproceedings{ACPS09,
  author    = {Benny Applebaum and
               David Cash and
               Chris Peikert and
               Amit Sahai},
  title     = {Fast Cryptographic Primitives and Circular-Secure Encryption
               Based on Hard Learning Problems},
  booktitle = {CRYPTO},
  year      = {2009},
  pages     = {595-618},
  ee        = {http://dx.doi.org/10.1007/978-3-642-03356-8_35},
  crossref  = {DBLP:conf/crypto/2009},
  bibsource = {DBLP, http://dblp.uni-trier.de}
}

@proceedings{DBLP:conf/crypto/2009,
  editor    = {Shai Halevi},
  title     = {Advances in Cryptology - CRYPTO 2009, 29th Annual International
               Cryptology Conference, Santa Barbara, CA, USA, August 16-20,
               2009. Proceedings},
  booktitle = {CRYPTO},
  publisher = {Springer},
  series    = {Lecture Notes in Computer Science},
  volume    = {5677},
  year      = {2009},
  isbn      = {978-3-642-03355-1},
  ee        = {http://dx.doi.org/10.1007/978-3-642-03356-8},
  bibsource = {DBLP, http://dblp.uni-trier.de}
}


% Homomorphic Encryption


@inproceedings{GH11,
  author    = {Craig Gentry and
               Shai Halevi},
  title     = {Implementing Gentry's Fully-Homomorphic Encryption Scheme},
  crossref = {EUROCRYPT11},
}



@inproceedings{SV10,
  author    = {Nigel P. Smart and
               Frederik Vercauteren},
  title     = {Fully Homomorphic Encryption with Relatively Small Key and
               Ciphertext Sizes},
  booktitle = {Public Key Cryptography},
  year      = {2010},
  pages     = {420-443},
  ee        = {http://dx.doi.org/10.1007/978-3-642-13013-7_25},
  crossref  = {DBLP:conf/pkc/2010},
  bibsource = {DBLP, http://dblp.uni-trier.de}
}
@proceedings{DBLP:conf/pkc/2010,
  editor    = {Phong Q. Nguyen and
               David Pointcheval},
  title     = {Public Key Cryptography - PKC 2010, 13th International Conference
               on Practice and Theory in Public Key Cryptography, Paris,
               France, May 26-28, 2010. Proceedings},
  booktitle = {Public Key Cryptography},
  year      = {2010},
  isbn      = {978-3-642-13012-0},
  ee        = {http://dx.doi.org/10.1007/978-3-642-13013-7},
  bibsource = {DBLP, http://dblp.uni-trier.de}
}


@inproceedings{RAD78,
    author = {Rivest, R. and Adleman, L. and Dertouzos, M.},
    booktitle = {Foundations of Secure Computation},
    pages = {169--177},
    publisher = {Academic Press},
    title = {On data banks and privacy homomorphisms},
    year = {1978}
}

@inproceedings{Wee05,
 author = {Wee, Hoeteck},
 title = {On obfuscating point functions},
crossref = {STOC05},
 }




% Ideal Lattices

@inproceedings{PR07,
  author    = {Chris Peikert and
               Alon Rosen},
  title     = {Lattices that admit logarithmic worst-case to average-case
               connection factors},
  booktitle = {STOC},
  year      = {2007},
  pages     = {478-487},
  ee        = {http://doi.acm.org/10.1145/1250790.1250860},
  crossref  = {DBLP:conf/stoc/2007},
  bibsource = {DBLP, http://dblp.uni-trier.de}
}


@proceedings{DBLP:conf/stoc/2007,
  editor    = {David S. Johnson and
               Uriel Feige},
  title     = {Proceedings of the 39th Annual ACM Symposium on Theory of
               Computing, San Diego, California, USA, June 11-13, 2007},
  booktitle = {STOC},
  publisher = {ACM},
  year      = {2007},
  isbn      = {978-1-59593-631-8},
  bibsource = {DBLP, http://dblp.uni-trier.de}
}


@inproceedings{PR06,
  author    = {Chris Peikert and
               Alon Rosen},
  title     = {Efficient Collision-Resistant Hashing from Worst-Case Assumptions
               on Cyclic Lattices},
  crossref = {TCC06},
}






@inproceedings{Lyu09,
  author    = {Vadim Lyubashevsky},
  title     = {Fiat-Shamir with Aborts: Applications to Lattice and Factoring-Based
               Signatures},
  booktitle = {ASIACRYPT},
  year      = {2009},
  pages     = {598-616},
  ee        = {http://dx.doi.org/10.1007/978-3-642-10366-7_35},
  crossref  = {DBLP:conf/asiacrypt/2009},
  bibsource = {DBLP, http://dblp.uni-trier.de}
}

@proceedings{DBLP:conf/asiacrypt/2009,
  editor    = {Mitsuru Matsui},
  title     = {Advances in Cryptology - ASIACRYPT 2009, 15th International
               Conference on the Theory and Application of Cryptology and
               Information Security, Tokyo, Japan, December 6-10, 2009.
               Proceedings},
  booktitle = {ASIACRYPT},
  publisher = {Springer},
  series    = {Lecture Notes in Computer Science},
  volume    = {5912},
  year      = {2009},
  isbn      = {978-3-642-10365-0},
  ee        = {http://dx.doi.org/10.1007/978-3-642-10366-7},
  bibsource = {DBLP, http://dblp.uni-trier.de}
}



@inproceedings{LMPR08,
  author    = {Vadim Lyubashevsky and
               Daniele Micciancio and
               Chris Peikert and
               Alon Rosen},
  title     = {SWIFFT: A Modest Proposal for FFT Hashing},
  booktitle = {FSE},
  year      = {2008},
  pages     = {54-72},
  ee        = {http://dx.doi.org/10.1007/978-3-540-71039-4_4},
  crossref  = {DBLP:conf/fse/2008},
  bibsource = {DBLP, http://dblp.uni-trier.de}
}

@proceedings{DBLP:conf/fse/2008,
  editor    = {Kaisa Nyberg},
  title     = {Fast Software Encryption, 15th International Workshop, FSE
               2008, Lausanne, Switzerland, February 10-13, 2008, Revised
               Selected Papers},
  booktitle = {FSE},
  publisher = {Springer},
  series    = {Lecture Notes in Computer Science},
  volume    = {5086},
  year      = {2008},
  isbn      = {978-3-540-71038-7},
  bibsource = {DBLP, http://dblp.uni-trier.de}
}



@inproceedings{LM06,
  author    = {Vadim Lyubashevsky and
               Daniele Micciancio},
  title     = {Generalized Compact Knapsacks Are Collision Resistant},
  booktitle = {ICALP (2)},
  year      = {2006},
  pages     = {144-155},
  ee        = {http://dx.doi.org/10.1007/11787006_13},
  crossref  = {DBLP:conf/icalp/2006-2},
  bibsource = {DBLP, http://dblp.uni-trier.de}
}

@proceedings{DBLP:conf/icalp/2006-2,
  editor    = {Michele Bugliesi and
               Bart Preneel and
               Vladimiro Sassone and
               Ingo Wegener},
  title     = {Automata, Languages and Programming, 33rd International
               Colloquium, ICALP 2006, Venice, Italy, July 10-14, 2006,
               Proceedings, Part II},
  booktitle = {ICALP (2)},
  publisher = {Springer},
  series    = {Lecture Notes in Computer Science},
  volume    = {4052},
  year      = {2006},
  isbn      = {3-540-35907-9},
  bibsource = {DBLP, http://dblp.uni-trier.de}
}


@inproceedings{LM08,
  author    = {Vadim Lyubashevsky and
               Daniele Micciancio},
  title     = {Asymptotically Efficient Lattice-Based Digital Signatures},
  booktitle = {TCC},
  year      = {2008},
  pages     = {37-54},
  ee        = {http://dx.doi.org/10.1007/978-3-540-78524-8_3},
  crossref  = {DBLP:conf/tcc/2008},
  bibsource = {DBLP, http://dblp.uni-trier.de}
}

@proceedings{DBLP:conf/tcc/2008,
  editor    = {Ran Canetti},
  title     = {Theory of Cryptography, Fifth Theory of Cryptography Conference,
               TCC 2008, New York, USA, March 19-21, 2008},
  booktitle = {TCC},
  publisher = {Springer},
  series    = {Lecture Notes in Computer Science},
  volume    = {4948},
  year      = {2008},
  isbn      = {978-3-540-78523-1},
  bibsource = {DBLP, http://dblp.uni-trier.de}
}

@article{Mic07,
  author    = {Daniele Micciancio},
  title     = {Generalized Compact Knapsacks, Cyclic Lattices, and Efficient
               One-Way Functions},
  journal   = {Computational Complexity},
  volume    = {16},
  number    = {4},
  year      = {2007},
  pages     = {365-411},
  ee        = {http://dx.doi.org/10.1007/s00037-007-0234-9},
  bibsource = {DBLP, http://dblp.uni-trier.de}
}



@inproceedings{LPR10,
  author    = {Vadim Lyubashevsky and
               Chris Peikert and
               Oded Regev},
  title     = {On Ideal Lattices and Learning with Errors over Rings},
crossref = {EUROCRYPT10},
}


@misc{LPR10b,
  author    = {Vadim Lyubashevsky and
               Chris Peikert and
               Oded Regev},
  title     = {On Ideal Lattices and Learning with Errors over Rings},
  note 			= {Draft of full version was provided by the authors.}
}



@misc{KR88,
  author    = {Richard Karp and
               Vijaya Ramachandran},
  title     = {A Survey of Parallel Algorithms for Shared Memory Machines},
  note 			= {Technical Report CSD-88-408, UC Berkeley},
  year			=	{1988}
}

@inproceedings{Regev05,
  author    = {Oded Regev},
  title     = {On lattices, learning with errors, random linear codes,
               and cryptography},
  crossref = {STOC05},
}


@article{Regev09,
  author    = {Oded Regev},
  title     = {On lattices, learning with errors, random linear codes,
               and cryptography},
  journal   = {J. ACM},
  volume    = {56},
  number    = {6},
  year      = {2009},
  ee        = {http://doi.acm.org/10.1145/1568318.1568324},
  bibsource = {DBLP, http://dblp.uni-trier.de}
}



@inproceedings{BFKL93,
  author    = {Avrim Blum and
               Merrick L. Furst and
               Michael J. Kearns and
               Richard J. Lipton},
  title     = {Cryptographic Primitives Based on Hard Learning Problems},
  booktitle = {CRYPTO},
  year      = {1993},
  pages     = {278-291},
  ee        = {http://dx.doi.org/10.1007/3-540-48329-2_24},
  crossref  = {DBLP:conf/crypto/1993},
  bibsource = {DBLP, http://dblp.uni-trier.de}
}

@proceedings{DBLP:conf/crypto/1993,
  booktitle = {CRYPTO},
  year      = {1994},
}

@inproceedings{HPS98,
  author    = {Jeffrey Hoffstein and
               Jill Pipher and
               Joseph H. Silverman},
  title     = {NTRU: A Ring-Based Public Key Cryptosystem},
  booktitle = {ANTS},
  year      = {1998},
  pages     = {267-288},
  ee        = {http://link.springer.de/link/service/series/0558/bibs/1423/14230267.htm},
  crossref  = {DBLP:conf/ants/1998},
  bibsource = {DBLP, http://dblp.uni-trier.de}
}

@proceedings{DBLP:conf/ants/1998,
  editor    = {Joe Buhler},
  title     = {Algorithmic Number Theory, Third International Symposium,
               ANTS-III, Portland, Oregon, USA, June 21-25, 1998, Proceedings},
  booktitle = {ANTS},
  publisher = {Springer},
  series    = {Lecture Notes in Computer Science},
  volume    = {1423},
  year      = {1998},
  isbn      = {3-540-64657-4},
  bibsource = {DBLP, http://dblp.uni-trier.de}
}


% Homomorphic Encryption




@InProceedings{G09,
    author = {Craig Gentry},
    title = {Fully homomorphic encryption using ideal lattices},
    booktitle = POT # {41st} # STOC,
    month = {May--June},
    year = 2009,
    address = {Bethesda, MD},
}


@inproceedings{DGHV10,
  author    = {{Marten van} Dijk and
               Craig Gentry and
               Shai Halevi and
               Vinod Vaikuntanathan},
  title     = {Fully Homomorphic Encryption over the Integers},
  crossref = {EUROCRYPT10},
}


@inproceedings{GHV10,
  author    = {Craig Gentry and
               Shai Halevi and
               Vinod Vaikuntanathan},
  title     = {A Simple {BGN}-Type Cryptosystem from {LWE}},
  crossref = {EUROCRYPT10},
}


@phdthesis{homenc,
     author = {Craig Gentry},
     title = {A fully homomorphic encryption scheme},
     school = {Stanford University},
     year = 2009,
     note = {\url{crypto.stanford.edu/craig}}
}


@inproceedings{G10,
  author    = {Craig Gentry},
  title     = {Toward Basing Fully Homomorphic Encryption on Worst-Case
               Hardness},
  booktitle = {CRYPTO},
  year      = {2010},
  pages     = {116-137},
  ee        = {http://dx.doi.org/10.1007/978-3-642-14623-7_7},
  bibsource = {DBLP, http://dblp.uni-trier.de}
}

% PIR


@inproceedings{CMS99,
  author    = {Christian Cachin and
               Silvio Micali and
               Markus Stadler},
  title     = {Computationally Private Information Retrieval with Polylogarithmic
               Communication},
  booktitle = {EUROCRYPT},
  year      = {1999},
  pages     = {402-414},
  ee        = {http://link.springer.de/link/service/series/0558/bibs/1592/15920402.htm},
  bibsource = {DBLP, http://dblp.uni-trier.de}
}



@inproceedings{GR05,
  author    = {Craig Gentry and
               Zulfikar Ramzan},
  title     = {Single-Database Private Information Retrieval with Constant
               Communication Rate},
  booktitle = {ICALP},
  year      = {2005},
  pages     = {803-815},
  ee        = {http://dx.doi.org/10.1007/11523468_65},
  crossref  = {DBLP:conf/icalp/2005},
  bibsource = {DBLP, http://dblp.uni-trier.de}
}

@proceedings{DBLP:conf/icalp/2005,
  editor    = {Lu\'{\i}s Caires and
               Giuseppe F. Italiano and
               Lu\'{\i}s Monteiro and
               Catuscia Palamidessi and
               Moti Yung},
  title     = {Automata, Languages and Programming, 32nd International
               Colloquium, ICALP 2005, Lisbon, Portugal, July 11-15, 2005,
               Proceedings},
  booktitle = {ICALP},
  publisher = {Springer},
  series    = {Lecture Notes in Computer Science},
  volume    = {3580},
  year      = {2005},
  isbn      = {3-540-27580-0},
  bibsource = {DBLP, http://dblp.uni-trier.de}
}




@article{CKGS98,
  author    = {Benny Chor and
               Eyal Kushilevitz and
               Oded Goldreich and
               Madhu Sudan},
  title     = {Private Information Retrieval},
  journal   = {J. ACM},
  volume    = {45},
  number    = {6},
  year      = {1998},
  pages     = {965-981},
  ee        = {http://doi.acm.org/10.1145/293347.293350},
  bibsource = {DBLP, http://dblp.uni-trier.de}
}

% Algebraic Number theory

@book{Ste04,
author = {William Stein},
title = {A Brief Introduction to Classical and Adelic Algebraic Number Theory},
year = {2004},
howavailable = {\url{http://modular.math.washington.edu/papers/ant}.}
}

% Multiparty computation

@inproceedings{BGW88,
 author = {{Ben-Or}, Michael and Goldwasser, Shafi and Wigderson, Avi},
 title = {Completeness theorems for non-cryptographic fault-tolerant distributed computation},
 booktitle = {Proceedings of the twentieth annual ACM symposium on Theory of computing},
 series = {STOC '88},
 year = {1988},
 isbn = {0-89791-264-0},
 location = {Chicago, Illinois, United States},
 pages = {1--10},
 numpages = {10},
 url = {http://doi.acm.org/10.1145/62212.62213},
 doi = {http://doi.acm.org/10.1145/62212.62213},
 acmid = {62213},
 publisher = {ACM},
 address = {New York, NY, USA},
}

@article{AL11,
  author    = {Gilad Asharov and
               Yehuda Lindell},
  title     = {A Full Proof of the {BGW} Protocol for Perfectly-Secure Multiparty
               Computation},
  journal   = {Electronic Colloquium on Computational Complexity (ECCC)},
  volume    = {18},
  year      = {2011},
  pages     = {36},
  ee        = {http://eccc.hpi-web.de/report/2011/036},
  bibsource = {DBLP, http://dblp.uni-trier.de}
}

@article{LP09,
 author = {Lindell, Yehuda and Pinkas, Benny},
 title = {A Proof of Security of {Yao}'s Protocol for Two-Party Computation},
 journal = {J. Cryptol.},
 volume = {22},
 issue = {2},
 month = {April},
 year = {2009},
 issn = {0933-2790},
 pages = {161--188},
 numpages = {28},
 url = {http://dl.acm.org/citation.cfm?id=1530703.1530708},
 doi = {10.1007/s00145-008-9036-8},
 acmid = {1530708},
 publisher = {Springer-Verlag New York, Inc.},
 address = {Secaucus, NJ, USA},
 keywords = {Proofs of security, Secure two-party computation, Semi-honest adversaries, Yao\&\#x2019;s two-party protocol},
}


% Functional Encryption

@inproceedings{LW12,
  author    = {Allison B. Lewko and
               Brent Waters},
  title     = {New Proof Methods for Attribute-Based Encryption: Achieving
               Full Security through Selective Techniques},
  booktitle = {CRYPTO},
  year      = {2012},
  }

@inproceedings{W12-regular,
  title={Functional Encryption for Regular Languages},
  crossref={CRYPTO12},
  author={Brent Waters},
}

@inproceedings{BSW11,
  author    = {Dan Boneh and
               Amit Sahai and
               Brent Waters},
  title     = {Functional Encryption: Definitions and Challenges},
  crossref = {TCC11},
}

@misc{AGG11,
    author = {Joel Alwen and Rosario Gennaro and Dov Gordon},
    title = {On the Relationship Between Functional Encryption and Fully Homomorphic Encryption},
    note = {\url{https://www.usukita.org/sites/default/files/func_enc.pdf}},
}

@article{BF03,
	author = {Dan Boneh and Matthew K. Franklin},
	title = {Identity-Based Encryption from the {Weil} Pairing},
	journal = {SIAM J. of Computing},
	year = 2003,
	volume = 32,
	number = 3,
	pages = {586-615},
}

@inproceedings{Nielsen,
 author = {Nielsen, Jesper Buus},
 title = {Separating Random Oracle Proofs from Complexity Theoretic Proofs: The Non-committing Encryption Case},
 booktitle = {Proceedings of the 22nd Annual International Cryptology Conference on Advances in Cryptology},
 series = {CRYPTO '02},
 year = {2002},
 isbn = {3-540-44050-X},
 pages = {111--126},
 numpages = {16},
 url = {http://dl.acm.org/citation.cfm?id=646767.704306},
 acmid = {704306},
 publisher = {Springer-Verlag},
 address = {London, UK, UK},
}

@INPROCEEDINGS{Dodis,
    author = {Yevgeniy Dodis and Jonathan Katz and Shouhuai Xu and Moti Yung},
    title = {Key-insulated public key cryptosystems},
    booktitle = {In EUROCRYPT},
    year = {2002},
    pages = {65--82},
    publisher = {Springer-Verlag}
}

@inproceedings{Cramer,
  author    = {Ronald Cramer and
               Goichiro Hanaoka and
               Dennis Hofheinz and
               Hideki Imai and
               Eike Kiltz and
               Rafael Pass and
               Abhi Shelat and
               Vinod Vaikuntanathan},
  title     = {Bounded {CCA}2-Secure Encryption},
  booktitle = {ASIACRYPT},
  year      = {2007},
  pages     = {502-518},
  ee        = {http://dx.doi.org/10.1007/978-3-540-76900-2_31},
  crossref  = {DBLP:conf/asiacrypt/2007},
  bibsource = {DBLP, http://dblp.uni-trier.de}
}

@inproceedings{GLW,
    author = {Shafi Goldwasser and Allison B. Lewko and David A. Wilson},
    title = {Bounded-Collusion {IBE} from Key Homomorphism},
    crossref = {TCC12},
}

@inproceedings{DN00:nce,
  author    = {Ivan Damg{\aa}rd and
               Jesper Buus Nielsen},
  title     = {Improved Non-committing Encryption Schemes Based on a General
               Complexity Assumption},
  booktitle = {CRYPTO},
  year      = {2000},
  pages     = {432-450}
}

@inproceedings{CDMW09,
  author    = {Seung Geol Choi and
               Dana {Dachman-Soled} and
               Tal Malkin and
               Hoeteck Wee},
  title     = {Improved Non-Committing Encryption with
Applications to Adaptively Secure Protocols},
  year      = {2009},
  booktitle = {ASIACRYPT}}
}

@inproceedings{KO04,
  author    = {Jonathan Katz and
               Rafail Ostrovsky},
  title     = {Round-Optimal Secure Two-Party Computation},
  booktitle = {CRYPTO},
  year      = {2004},
  pages     = {335-354}}

@inproceedings{CFGN,
  author    = {Ran Canetti and
               Uriel Feige and
               Oded Goldreich and
               Moni Naor},
  title     = {Adaptively Secure Multi-Party Computation},
  booktitle = {STOC},
  year      = {1996},
  pages     = {639-648},
  note      = {Longer version at \verb|http://publications.csail.mit.edu/lcs/pubs/pdf/MIT-LCS-TR-682.pdf|}
}

@INPROCEEDINGS{yaore,
author={Yao, Andrew C.},
title={Theory and application of trapdoor functions},
crossref = {FOCS82}
}


@inproceedings{AgrawalFV11,
  author    = {Shweta Agrawal and
               David Mandell Freeman and
               Vinod Vaikuntanathan},
  title     = {Functional Encryption for Inner Product Predicates from
               Learning with Errors},
  crossref = {ASIACRYPT11}
}


@inproceedings{P03:quasipoly,
  author =       {Rafael Pass},
  title =        {Simulation in Quasi-Polynomial Time and its Application to Protocol Composition},
  booktitle = {EUROCRYPT},
  year      = {2003},
  pages     = {160-176}}

  % Obfuscation

@inproceedings{GK05:obfuscation,
  author = {Shafi Goldwasser and Yael Tauman Kalai},
  title = {On the Impossibility of Obfuscation with Auxiliary Input},
  crossref = {FOCS05},
}

@inproceedings{BGIRSVY01,
 author = {Barak, Boaz and Goldreich, Oded and Impagliazzo, Russell and Rudich, Steven and Sahai, Amit and Vadhan, Salil P. and Yang, Ke},
 title = {On the (Im)possibility of Obfuscating Programs},
 crossref = {CRYPTO11},
}




@inproceedings{V11,
  author    = {Vinod Vaikuntanathan},
  title     = {Computing Blindfolded: New Developments in Fully Homomorphic
               Encryption},
  crossref  = {FOCS11}
}


@article{AGVW12,
    author = {Shweta Agrawal and Sergey Gorbunov and Vinod Vaikuntanathan and Hoeteck Wee},
    title = {Functional Encryption: New Perspectives and Lower Bounds},
    journal = {Cryptology ePrint Archive, Report 2012/468},
    year = {2012},
}

@inproceedings{GVW12-funcenc,
  author    = {Sergey Gorbunov and
               Vinod Vaikuntanathan and
               Hoeteck Wee},
  title     = {Functional Encryption with Bounded Collusions via Multi-party
               Computation},
  crossref = {CRYPTO12},
}

@incollection {AL10,
   author = {Attrapadung, Nuttapong and Libert, Beno\^it},
   title = {Functional Encryption for Inner Product: Achieving Constant-Size Ciphertexts with Adaptive Security or Support for Negation},
   booktitle = {PKC 2010},
   pages = {384-402},
   year = {2010}
}

@incollection {AI09,
   author = {Attrapadung, Nuttapong and Imai, Hideki},
   title = {Conjunctive Broadcast and Attribute-Based Encryption},
   booktitle = {Pairing-Based Cryptography � Pairing 2009},
   series = {Lecture Notes in Computer Science},
   pages = {248-265},
   volume = {5671},
   year = {2009}
}


% Garbling schemes

@article{BHR12,
  author    = {Mihir Bellare and
               Viet Tung Hoang and
               Phillip Rogaway},
  title     = {Garbling Schemes},
  journal   = {Cryptology ePrint Archive, Report 2012/265},
  year      = {2012},
}

@inproceedings{BellareEfficientGarbling13,
        Author = {Bellare, Mihir and Hoang, Viet Tung and Keelveedhi, Sriram and Rogaway, Phillip},
        Title = {Efficient Garbling from a Fixed-Key Blockcipher},
        crossref = {IEEESP13},
}


@inproceedings{Yao82,
 author = {Yao, Andrew C.},
 title = {Protocols for secure computations},
 booktitle = {FOCS},
 year = {1982},
 pages = {160--164},
}

@inproceedings{fairplaymp,
	Author = {Assaf Ben-David and Noam Nisan and Benny Pinkas},
	Title = {FairplayMP: A system for secure multi-party computation},
	crossref = {CCS08}	
}


@misc{Rog-talk-12,
	author = {Philip Rogaway},
	title = {Foundations of garbled circuits},
	journal = {Presentation at the Newton Institute Seminar},
	month = {April},
	year = {2012}
}

@inproceedings{GoodCircuit13,
	title = {Circuit Structures for Improving Efficiency of Security and Privacy Tools},
	author = {Samee Zahur and David Evans},
	crossref = {IEEESP13}
}


@proceedings{DBLP:conf/focs/2011,
  booktitle = {FOCS},
  year      = {2011},
}


@proceedings{DBLP:conf/ccs/2006usa,
  booktitle = {ACM CCS},
  year      = {2006},
}

@proceedings{DBLP:conf/crypto/1984,
  booktitle = {CRYPTO},
  year      = {1985},
}

@proceedings{DBLP:conf/ima/2001,
  booktitle = {IMA Int. Conf.},
  year      = {2001},
  isbn      = {3-540-43026-1},
  bibsource = {DBLP, http://dblp.uni-trier.de}
}

@article{PippengerF79,
  author    = {Nicholas Pippenger and
               Michael J. Fischer},
  title     = {Relations Among Complexity Measures},
  journal   = {J. ACM},
  volume    = {26},
  number    = {2},
  year      = {1979},
  pages     = {361-381},
 }

@misc{prc:breaches,
    author = {{Privacy Rights Clearinghouse}},
    title = {Chronology of Data Breaches},
    note = {{\iffull\else\scriptsize\fi\url{http://www.privacyrights.org/data-breach}}},
    year = 2012,
}

@misc{verizon:dbir2012,
    author = {{Verizon RISK Team}},
    title = {2012 Data Breach Investigations Report},
    note = {{\iffull\else\scriptsize\fi\url{http://www.verizonbusiness.com/resources/reports/rp_data-breach-investigations-report-2012_en_xg.pdf}}},
}

@article{david:cloud-security,
    author = {Michael A. Davis},
    title = {Cloud Security: Verify, Don't Trust},
    journal = {Information Week},
    month = {August},
    year = 2012,
    note = {{\iffull\else\scriptsize\fi\url{http://reports.informationweek.com/abstract/5/8978/}}},
}

@inproceedings{PEKS-Boneh,
	author = {Dan Boneh and Giovanni Di Crescenzo and Rafail Ostrovsky and Giuseppe Persiano},
	title = {Public key encryption with keyword search},
	crossref = {Eurocrypt04}
}	
