
@proceedings{CloudCom12,
	title = POT # { 4th } # CloudCom,
	booktitle = POT # { 4th } # CloudCom,
	year = {2012}
}

@proceedings{CloudCom11,
	title = POT # { 3rd } # CloudCom,
	booktitle = POT # { 3rd } # CloudCom,
	year = {2011}
}

@proceedings{FOCS82,
 title = POT # { 23rd } # FOCS,
 booktitle = POT # { 23rd } # FOCS,
 year = 1982
}


@proceedings{FOCS86,
 title = POT # { 27th } # FOCS,
 booktitle = POT # { 27th } # FOCS,
 year = 1986
}

@proceedings{FOCS00,
 title = POT # { 41st } # FOCS,
 booktitle = POT # { 41st } # FOCS,
 year = 2000
}

@proceedings{FOCS03,
 title = POT # { 44th } # FOCS,
 booktitle = POT # { 44th } # FOCS,
 year = 2003
}

@proceedings{FOCS05,
 title = POT # { 46th } # FOCS,
 booktitle = POT # { 46th } # FOCS,
 year = 2005
}

@proceedings{FOCS11,
 title = POT # { 52nd } # FOCS,
 booktitle = POT # { 52nd } # FOCS,
 year = 2011
}

@proceedings{FOCS13,
 title = POT # { 54th } # FOCS,
 booktitle = POT # { 54th } # FOCS,
 year = 2013
}




@Proceedings{SOCC11,
    title       = POT # { 2nd } # SOCC,
    booktitle   = POT # { 2nd } # SOCC,
    year        = 2011,
}

		    
@Proceedings{SOSP3,
  title = 	 POT # " 3rd " # SOSP,
  booktitle = 	 POT # " 3rd " # SOSP,
  year =        1972,
}

@Proceedings{SOSP5,
  title = 	 POT # " 5th " # SOSP,
  booktitle = 	 POT # " 5th " # SOSP,
  year =        1975,

}

@Proceedings{SOSP6,
  title = 	 POT # " 6th " # SOSP,
  booktitle = 	 POT # " 6th " # SOSP,
  year =        1977,

}

@Proceedings{SOSP8,
  title = 	 POT # " 8th " # SOSP,
  booktitle = 	 POT # " 8th " # SOSP,
  year =        1981,
 

}

@Proceedings{SOSP9,
  title = 	 POT # " 9th " # SOSP,
  booktitle = 	 POT # " 9th " # SOSP,
  year =        1983,
}

@Proceedings{SOSP10,
  title = 	 POT # " 10th " # SOSP,
  booktitle = 	 POT # " 10th " # SOSP,
  year =        1985,
}




@Proceedings{SOSP12,
  title = 	 POT # " 12th " # SOSP,
  booktitle = 	 POT # " 12th " # SOSP,
  year = 	 1989,
}

@Proceedings{SOSP13,
  title = 	 POT # " 13th " # SOSP,
  booktitle = 	 POT # " 13th " # SOSP,
  year = 	 1991,
}

@Proceedings{SOSP14,
  title = 	 POT # " 14th " # SOSP,
  booktitle = 	 POT # " 14th " # SOSP,
  year = 	 1993,
}

@Proceedings{SOSP15,
  title = 	 POT # " 15th " # SOSP,
  booktitle = 	 POT # " 15th " # SOSP,
  year = 	 1995,
}

@Proceedings{SOSP16,
  title = 	 POT # " 16th " # SOSP,
  booktitle = 	 POT # " 16th " # SOSP,
  year = 	 1997,
}

@Proceedings{SOSP17,
  title = 	 POT # " 17th " # SOSP,
  booktitle = 	 POT # " 17th " # SOSP,
   year = 	 1999,
}

@Proceedings{SOSP18,
  title = 	 POT # " 18th " # SOSP,
  booktitle = 	 POT # " 18th " # SOSP,
  year = 	 2001,
}

@Proceedings{SOSP19,
  title = 	 POT # " 19th " # SOSP,
  booktitle = 	 POT # " 19th " # SOSP,
  year = 	 2003,
 }

@Proceedings{SOSP20,
  title = 	 POT # " 20th " # SOSP,
  booktitle = 	 POT # " 20th " # SOSP,
  year = 	 2005,
 }

@Proceedings{SOSP21,
  title =	POT # " 21st " # SOSP,
  booktitle =	POT # " 21st " # SOSP,
  year =	2007,
}

@Proceedings{SOSP22,
  title =	POT # " 22nd " # SOSP,
  booktitle =	POT # " 22nd " # SOSP,
  year =	2009,
 }

@Proceedings{SOSP23,
  title =	POT # " 23rd " # SOSP,
  booktitle =	POT # " 23rd " # SOSP,
  year =	2011,
}


@Proceedings{USENIX85S,
  title = 	 POT # " {S}ummer 1985 " # USENIX,
  booktitle = 	 POT # " {S}ummer 1985 " # USENIX,
  year = 	 1985,
}

@Proceedings{USENIX86S,
  title = 	 POT # " {S}ummer 1986 " # USENIX,
  booktitle = 	 POT # " {S}ummer 1986 " # USENIX,
  year = 	 1986,
}

@Proceedings{USENIX88W,
  title = 	 POT # " {W}inter 1988 " # USENIX,
  booktitle = 	 POT # " {W}inter 1988 " # USENIX,
  year = 	 1988,
}

@Proceedings{USENIX89W,
  title = 	 POT # " {W}inter 1989 " # USENIX,
  booktitle = 	 POT # " {W}inter 1989 " # USENIX,
  year = 	 1989,
}

@Proceedings{USENIX90W,
  title = 	 POT # " {W}inter 1990 " # USENIX,
  booktitle = 	 POT # " {W}inter 1990 " # USENIX,
  year = 	 1990,
 }

@Proceedings{USENIX90S,
  title = 	 POT # " {S}ummer 1990 " # USENIX,
  booktitle = 	 POT # " {S}ummer 1990 " # USENIX,
  year = 	 1990,
}

@Proceedings{USENIX91W,
  title = 	 POT # " {W}inter 1991 " # USENIX,
  booktitle = 	 POT # " {W}inter 1991 " # USENIX,
  year = 	 1991,
}

@Proceedings{USENIX92W,
  title = 	 POT # " {W}inter 1992 " # USENIX,
  booktitle = 	 POT # " {W}inter 1992 " # USENIX,
  year = 	 1992,
}

@Proceedings{USENIX93S,
  title = 	 POT # " {S}ummer 1993 " # USENIX,
  booktitle = 	 POT # " {S}ummer 1993 " # USENIX,
  year = 	 1993,
 }

@Proceedings{USENIX94W,
  title = 	 POT # " {W}inter 1994 " # USENIX,
  booktitle = 	 POT # " {W}inter 1994 " # USENIX,
  year = 	 1994,
}

@Proceedings{USENIX97,
  title = 	 POT # " 1997 " # USENIX,
  booktitle = 	 POT # " 1997 " # USENIX,
  year = 	 1997,
}

@Proceedings{USENIX99,
  title = 	 POT # " 1999 " # USENIX,
  booktitle = 	 POT # " 1999 " # USENIX,
  year = 	 1999,
}

@Proceedings{USENIX00,
  title = 	 POT # " 2000 " # USENIX,
  booktitle = 	 POT # " 2000 " # USENIX,
  year = 	 2000,
}

@Proceedings{USENIX01,
  title = 	 POT # " 2001 " # USENIX,
  booktitle = 	 POT # " 2001 " # USENIX,
  year = 	 2001,
 }

@Proceedings{USENIX03,
  title = 	 POT # " 2003 " # USENIX,
  booktitle = 	 POT # " 2003 " # USENIX,
  year = 	 2003,
 }

@Proceedings{USENIX04,
  title = 	 POT # " 2004 " # USENIX,
  booktitle = 	 POT # " 2004 " # USENIX,
  year = 	 2004,
}

@Proceedings{USENIX06,
  title		= POT # " 2006 " # USENIX,
  booktitle	= POT # " 2006 " # USENIX,
   year		= 2006,
 }

@Proceedings{USENIX08,
  title		= POT # " 2008 " # USENIX,
  booktitle	= POT # " 2008 " # USENIX,
  year		= 2008,
}

@Proceedings{USENIX09,
  title		= POT # " 2009 " # USENIX,
  booktitle	= POT # " 2009 " # USENIX,
  year		= 2009,
}

@Proceedings{USENIX10,
  title		= POT # " 2010 " # USENIX,
  booktitle	= POT # " 2010 " # USENIX,
  year		= 2010,
}


@Proceedings{NSDI04,
  title		= POT # { 1st } # NSDI,
  booktitle	= POT # { 1st } # NSDI,
   year		= 2004,
}

@Proceedings{NSDI05,
  title		= POT # { 2nd } # NSDI,
  booktitle	= POT # { 2nd } # NSDI,
  year		= 2005,
}

@Proceedings{NSDI06,
  title		= POT # { 3rd } # NSDI,
  booktitle	= POT # { 3rd } # NSDI,
  year		= 2006,
 }

@Proceedings{NSDI07,
  title		= POT # { 4th } # NSDI,
  booktitle	= POT # { 4th } # NSDI,
  year		= 2007,
}

@Proceedings{NSDI08,
  title		= POT # { 5th } # NSDI,
  booktitle	= POT # { 5th } # NSDI,
   year		= 2008,
}

@Proceedings{NSDI10,
  title		= POT # { 7th } # NSDI,
  booktitle	= POT # { 7th } # NSDI,
  year		= 2010,
 }

@Proceedings{NSDI14,
  title		= POT # { 11th } # NSDI,
  booktitle	= POT # { 11th } # NSDI,
  year		= 2014,
}

@Proceedings{PETS11,
    title       = POT # { 11th } # PETS,
    booktitle   = POT # { 11th } # PETS,
     year        = 2011,
 }




@Proceedings{PLDI97,
    title	= POT # { 1997 } # PLDI,
    booktitle	= POT # { 1997 } # PLDI,
     year	= 1997,
}



@Proceedings{PLDI02,
    title	= POT # { 2002 } # PLDI,
    booktitle	= POT # { 2002 } # PLDI,
    year	= 2002,
}

@Proceedings{PLDI03,
    title	= POT # { 2003 } # PLDI,
    booktitle	= POT # { 2003 } # PLDI,
     year	= 2003,
  }

@Proceedings{PLDI04,
    title	= POT # { 2004 } # PLDI,
    booktitle	= POT # { 2004 } # PLDI,
     year	= 2004,
  }

@Proceedings{PLDI05,
    title	= POT # { 2005 } # PLDI,
    booktitle	= POT # { 2005 } # PLDI,
    year	= 2005,
 }

@Proceedings{PLDI06,
    title	= POT # { 2006 } # PLDI,
    booktitle	= POT # { 2006 } # PLDI,
     year	= 2006,
}

@Proceedings{PLDI07,
    title	= POT # { 2007 } # PLDI,
    booktitle	= POT # { 2007 } # PLDI,
     year	= 2007,
}

@Proceedings{PLDI09,
    title	= POT # { 2009 } # PLDI,
    booktitle	= POT # { 2009 } # PLDI,
    year	= 2009,
 }


@Proceedings{PLDI14,
    title	= POT # { 2014 } # PLDI,
    booktitle	= POT # { 2014 } # PLDI,
    year	= 2014,
 }


@Proceedings{OSDI99,
    title	= POT # { 3rd } # OSDI,
    booktitle	= POT # { 3rd } # OSDI,
    year	= 1999,
 }
    
@Proceedings{OSDI00,
    title	= POT # { 4th } # OSDI,
    booktitle	= POT # { 4th } # OSDI,
     year	= 2000,
}
    
@Proceedings{OSDI02,
    title	= POT # { 5th } # OSDI,
    booktitle	= POT # { 5th } # OSDI,
    year	= 2002,
 }

@Proceedings{OSDI04,
    title	= POT # { 6th } # OSDI,
    booktitle	= POT # { 6th } # OSDI,
     year	= 2004,
 }

@Proceedings{OSDI06,
    title	= POT # { 7th } # OSDI,
    booktitle	= POT # { 7th } # OSDI,
    month	= {November},
    year	= 2006,
    address	= {Seattle, WA},
}

@Proceedings{OSDI08,
    title	= POT # { 8th } # OSDI,
    booktitle	= POT # { 8th } # OSDI,
    year	= 2008,
}

@Proceedings{OSDI10,
    title	= POT # { 9th } # OSDI,
    booktitle	= POT # { 9th } # OSDI,
    year	= 2010,
}

@Proceedings{OSDI12,
    title       = POT # { 10th } # OSDI,
    booktitle   = POT # { 10th } # OSDI,
    year        = 2012,
}


@Proceedings{EUROSYS07,
    title	= POT # EUROSYS,
    booktitle	= POT # EUROSYS,
    year	= 2007,
}

@Proceedings{EUROSYS09,
    title	= POT # EUROSYS,
    booktitle	= POT # EUROSYS,
    year	= 2009,
}

@Proceedings{EUROSYS10,
    title	= POT # EUROSYS,
    booktitle	= POT # EUROSYS,
    year	= 2010,
}

@Proceedings{EUROSYS11,
    title	= POT # EUROSYS,
    booktitle	= POT # EUROSYS,
    year	= 2011,
}


@Proceedings{ASPLOS02,
    title	= POT # { 10th } # ASPLOS,
    booktitle	= POT # { 10th } # ASPLOS,
    year	= 2002,
}

@Proceedings{ASPLOS08,
    title	= POT # { 13th } # ASPLOS,
    booktitle	= POT # { 13th } # ASPLOS,
    year	= 2008,
}

@Proceedings{ASPLOS09,
    title	= POT # { 14th } # ASPLOS,
    booktitle	= POT # { 14th } # ASPLOS,
    year	= 2009,
}

@Proceedings{ASPLOS11,
    title	= POT # { 16th } # ASPLOS,
    booktitle	= POT # { 16th } # ASPLOS,
    year	= 2011,
}

@Proceedings{CCS93,
    title	= POT # { 1st } # CCS,
    booktitle	= POT # { 1st } # CCS,
    year	= 1993,
}

@Proceedings{CCS94,
    title	= POT # { 2nd } # CCS,
    booktitle	= POT # { 2nd } # CCS,
    year	= 1994,
}

@Proceedings{CCS03,
    title	= POT # { 10th } # CCS,
    booktitle	= POT # { 10th } # CCS,
    year	= 2003,
}

@Proceedings{CCS06,
    title	= POT # { 13rd } # CCS,
    booktitle	= POT # { 13rd } # CCS,
    year	= 2006,
}

@Proceedings{CCS07,
    title	= POT # { 14th } # CCS,
    booktitle	= POT # { 14th } # CCS,
    year	= 2007,
}

@Proceedings{CCS08,
    title	= POT # { 15th } # CCS,
    booktitle	= POT # { 15th } # CCS,
    year	= 2008,
}

@Proceedings{CCS10,
    title       = POT # { 17th } # CCS,
    booktitle   = POT # { 17th } # CCS,
    year        = 2010,
}
@Proceedings{CCS11,
    title       = POT # { 18th } # CCS,
    booktitle   = POT # { 18th } # CCS,
    year        = 2011,
}

@Proceedings{CCS12,
    title       = POT # { 19th } # CCS,
    booktitle   = POT # { 19th } # CCS,
    year        = 2012,
}


@Proceedings{CCS13,
    title	= POT # { 20th } # CCS,
    booktitle	= POT # { 20th } # CCS,
    year	= 2013,
}

@Proceedings{SIGMOD11,
    title       = POT # { 2011 } # SIGMOD,
    booktitle   = POT # { 2011 } # SIGMOD,
    year        = 2011,
}

@Proceedings{USEC96,
    title	= POT # { 6th } # USEC,
    booktitle	= POT # { 6th } # USEC,
    year	= 1996,
}

@Proceedings{USEC98,
    title	= POT # { 7th } # USEC,
    booktitle	= POT # { 7th } # USEC,
    year	= 1998,
}

@Proceedings{USEC02,
    title	= POT # { 11th } # USEC,
    booktitle	= POT # { 11th } # USEC,
    year	= 2002,
}

@Proceedings{USEC03,
    title	= POT # { 12th } # USEC,
    booktitle	= POT # { 12th } # USEC,
    year	= 2003,
}

@Proceedings{USEC05,
    title	= POT # { 14th } # USEC,
    booktitle	= POT # { 14th } # USEC,
     year	= 2005,
 }

@Proceedings{USEC06,
    title	= POT # { 15th } # USEC,
    booktitle	= POT # { 15th } # USEC,
     year	= 2006,
}

@Proceedings{USEC07,
    title	= POT # { 16th } # USEC,
    booktitle	= POT # { 16th } # USEC,
     year	= 2007,
 }

@Proceedings{USEC08,
    title      = POT # { 17th } # USEC,
    booktitle  = POT # { 17th } # USEC,
      year       = 2008,
 }

@Proceedings{USEC09,
    title	= POT # { 18th } # USEC,
    booktitle	= POT # { 18th } # USEC,
     year	= 2009,
  }

@Proceedings{USEC10,
    title	= POT # { 19th } # USEC,
    booktitle	= POT # { 19th } # USEC,
      year	= 2010,
   }

@Proceedings{USEC11,
    title	= POT # { 20th } # USEC,
    booktitle	= POT # { 20th } # USEC,
     year	= 2011,
}

@Proceedings{ICALP08,
   title = POT # { 35th } # ICALP,
   booktitle = POT # { 35th } # ICALP,
   year = {2008}
 }

@Proceedings{IEEESP81,
    title	= POT # { 2nd } # IEEESP,
    booktitle	= POT # { 2nd } # IEEESP,
      year	= 1981,
}

@Proceedings{IEEESP82,
    title	= POT # { 3rd } # IEEESP,
    booktitle	= POT # { 3rd } # IEEESP,
       year	= 1982,
  }

@Proceedings{IEEESP84,
    title	= POT # { 5th } # IEEESP,
    booktitle	= POT # { 5th } # IEEESP,
      year	= 1984,
 }

@Proceedings{IEEESP85,
    title	= POT # { 6th } # IEEESP,
    booktitle	= POT # { 6th } # IEEESP,
      year	= 1985,
}

@Proceedings{IEEESP86,
    title	= POT # { 7th } # IEEESP,
    booktitle	= POT # { 7th } # IEEESP,
     year	= 1986,
 }

@Proceedings{IEEESP87,
    title	= POT # { 8th } # IEEESP,
    booktitle	= POT # { 8th } # IEEESP,
     year	= 1987,
  }

@Proceedings{IEEESP88,
    title	= POT # { 9th } # IEEESP,
    booktitle	= POT # { 9th } # IEEESP,
     year	= 1988,
  }

@Proceedings{IEEESP89,
    title	= POT # { 10th } # IEEESP,
    booktitle	= POT # { 10th } # IEEESP,
      year	= 1989,
  }

@Proceedings{IEEESP90,
    title	= POT # { 11th } # IEEESP,
    booktitle	= POT # { 11th } # IEEESP,
      year	= 1990,
  }

@Proceedings{IEEESP91,
    title	= POT # { 12th } # IEEESP,
    booktitle	= POT # { 12th } # IEEESP,
      year	= 1991,
  }

@Proceedings{IEEESP92,
    title	= POT # { 13th } # IEEESP,
    booktitle	= POT # { 13th } # IEEESP,
    year	= 1992,
 }

@Proceedings{IEEESP93,
    title	= POT # { 14th } # IEEESP,
    booktitle	= POT # { 14th } # IEEESP,
       year	= 1993,
  }

@Proceedings{IEEESP94,
    title	= POT # { 15th } # IEEESP,
    booktitle	= POT # { 15th } # IEEESP,
      year	= 1994,
   }

@Proceedings{IEEESP97,
    title	= POT # { 18th } # IEEESP,
    booktitle	= POT # { 18th } # IEEESP,
     year	= 1997,
 }

@Proceedings{IEEESP98,
    title	= POT # { 19th } # IEEESP,
    booktitle	= POT # { 19th } # IEEESP,
    year	= 1998,
 }

@Proceedings{IEEESP99,
    title	= POT # { 20th } # IEEESP,
    booktitle	= POT # { 20th } # IEEESP,
    year	= 1999,
 }

@Proceedings{IEEESP00,
    title	= POT # { 21st } # IEEESP,
    booktitle	= POT # { 21st } # IEEESP,
     year	= 2000,
 }

@Proceedings{IEEESP04,
    title	= POT # { 25th } # IEEESP,
    booktitle	= POT # { 25th } # IEEESP,
     year	= 2004,
 }

@Proceedings{IEEESP06,
    title	= POT # { 27th } # IEEESP,
    booktitle	= POT # { 27th } # IEEESP,
      year	= 2006,
 }

@Proceedings{IEEESP07,
    title	= POT # { 28th } # IEEESP,
    booktitle	= POT # { 28th } # IEEESP,
     year	= 2007,
  }

@Proceedings{IEEESP09,
    title	= POT # { 30th } # IEEESP,
    booktitle	= POT # { 30th } # IEEESP,
     year	= 2009,
 }


@Proceedings{IEEESP13,
    title	= POT # { 34th } # IEEESP,
    booktitle	= POT # { 34th } # IEEESP,
     year	= 2013,
 }


@Proceedings{ITCS12,
	title = POT # { 3rd } # ITCS,	
	booktitle = POT # { 3rd } # ITCS,
	year = {2012}
}

@Proceedings{OLS2002,
  title		= POT # OLS,
  booktitle	= POT # OLS,
   year		= 2002,
}

@Proceedings{OLS2004,
  title		= POT # OLS,
  booktitle	= POT # OLS,
  year		= 2004,
}

@Proceedings{OLS2007,
  title		= POT # OLS,
  booktitle	= POT # OLS,
  year		= 2007,
}


@Proceedings{PKC11,
 title = POT # { 14th } # PKC,
 booktitle =  POT # { 14th } # PKC,
 year = {2011}
 }

@Proceedings{NDSS06,
    title       = POT # { 13rd } # NDSS,
    booktitle   = POT # { 13rd } # NDSS,
      year        = 2006,
  }
  
  @Proceedings{NDSS12,
    title       = POT # { 19th } # NDSS,
    booktitle   = POT # { 19th } # NDSS,
      year        = 2012,
  }

@Proceedings{VLDB02,
    title	= POT # { 28th } # VLDB,
    booktitle	= POT # { 28th } # VLDB,
     year	= 2002,
  }

@Proceedings{VLDB04,
    title	= POT # { 30th } # VLDB,
    booktitle	= POT # { 30th } # VLDB,
       year	= 2004,
   }

@Proceedings{VLDB05,
    title	= POT # { 31st } # VLDB,
    booktitle	= POT # { 31st } # VLDB,
       year	= 2005,
 }

@Proceedings{VLDB06,
    title	= POT # { 32nd } # VLDB,
    booktitle	= POT # { 32nd } # VLDB,
     year	= 2006,
  }

@Proceedings{VLDB07,
    title	= POT # { 33rd } # VLDB,
    booktitle	= POT # { 33rd } # VLDB,
     year	= 2007,
}

@Proceedings{VLDB10,
    title	= POT # { 36th } # VLDB,
    booktitle	= POT # { 36th } # VLDB,
      year	= 2010,
  }

@Proceedings{VLDB13,
    title	=  VLDB,
    booktitle	= VLDB,
    year	= 2013,
}
@Proceedings{STOC82,
    title       = POT # { 14th } # STOC,
    booktitle   = POT # { 14th } # STOC,
    year        = 1982
}


@Proceedings{STOC87,
    title       = POT # { 19th } # STOC,
    booktitle   = POT # { 19th } # STOC,
    year        = 1987
}

@Proceedings{STOC90,
    title       = POT # { 22nd } # STOC,
    booktitle   = POT # { 22nd } # STOC,
    year        = 1990
}

@Proceedings{STOC98,
    title       = POT # { 30th } # STOC,
    booktitle   = POT # { 30th } # STOC,
    year        = 1998
}

@Proceedings{STOC01,
    title       = POT # { 33rd } # STOC,
    booktitle   = POT # { 33rd } # STOC,
    year        = 2001
}

@Proceedings{STOC05,
    title       = POT # { 35th } # STOC,
    booktitle   = POT # { 35th } # STOC,
    year        = 2005
}

@Proceedings{STOC08,
    title       = POT # { 40th } # STOC,
    booktitle   = POT # { 40th } # STOC,
    year        = 2008
}

@Proceedings{STOC09,
    title       = POT # { 41st } # STOC,
    booktitle   = POT # { 41st } # STOC,
    year        = 2009
}

@Proceedings{STOC10,
    title       = POT # { 42nd } # STOC,
    booktitle   = POT # { 42nd } # STOC,
    year        = 2010
}


@Proceedings{STOC12,
    title       = POT # { 44th } # STOC,
    booktitle   = POT # { 44th } # STOC,
     year        = 2012,
 }

@Proceedings{STOC13,
    title       = POT # { 45th } # STOC,
    booktitle   = POT # { 45th } # STOC,
     year        = 2013,
 }

@Proceedings{SIGMOD02,
    title	= POT # { 2002 } # SIGMOD,
    booktitle	= POT # { 2002 } # SIGMOD,
    year	= 2002,
}

@Proceedings{SIGMOD04,
    title	= POT # SIGMOD,
    booktitle	= POT  # SIGMOD,
    year	= 2004,
}

@Proceedings{SIGMOD09,
    title	= POT # { 2009 } # SIGMOD,
    booktitle	= POT # { 2009 } # SIGMOD,
    year	= 2009,
}

@Proceedings{TCC05,
	title = POT # { 2nd } # TCC,
	booktitle = POT # { 2nd } # TCC,
	year = 2005
}

@Proceedings{TCC06,
	title = POT # { 3rd } # TCC,
	booktitle = POT # { 3rd } # TCC,
	year = 2006
}

@Proceedings{TCC07,
	title = POT # { 4th } # TCC,
	booktitle = POT # { 4th } # TCC,
	year = 2007
}

@Proceedings{TCC09,
	title = POT # { 6th } # TCC,
	booktitle = POT # { 6th } # TCC,
	year = 2009
}

@Proceedings{TCC10,
	title = POT # { 7th } # TCC,
	booktitle = POT # { 7th } # TCC,
	year = 2010
}

@Proceedings{TCC11,
	title = POT # { 8th } # TCC,
	booktitle = POT # { 8th } # TCC,
	year = 2011
}


@Proceedings{TCC12,
	title = POT # { 9th } # TCC,
	booktitle = POT # { 9th } # TCC,
	year = 2012
}

@Proceedings{USEC12,
    title       = POT # { 21st } # USEC,
    booktitle   = POT # { 21st } # USEC,
    year        = 2012,
 }
          
          
@Proceedings{ASIACRYPT09,
	title = POT # { 15th } # ASIACRYPT,
	booktitle = POT # { 15th } # ASIACRYPT,
	year = 2009
}
          
@Proceedings{ASIACRYPT10,
	title = POT # { 16th } # ASIACRYPT,
	booktitle = POT # { 16th } # ASIACRYPT,
	year = 2010
}
                         
@Proceedings{ASIACRYPT11,
	title = POT # { 17th } # ASIACRYPT,
	booktitle = POT # { 17th } # ASIACRYPT,
	year = 2011
}


@Proceedings{APSYS11,
    title	= POT # { 2nd Asia-Pacific Workshop on Systems},
    booktitle	= POT # { 2nd Asia-Pacific Workshop on Systems},
    year	= 2011,
 }


@Proceedings{EUROCRYPT99,
    title       = POT # { 18th } # EUROCRYPT,
    booktitle   = POT # { 18th } # EUROCRYPT,
    year        = 1999,
}

@Proceedings{EUROCRYPT00,
    title       = POT # { 19th } # EUROCRYPT,
    booktitle   = POT # { 19th } # EUROCRYPT,
    year        = 2000,
}
@Proceedings{EUROCRYPT03,
    title       = POT # { 22nd } # EUROCRYPT,
    booktitle   = POT # { 22nd } # EUROCRYPT,
    year        = 2003,
}

@Proceedings{EUROCRYPT04,
    title       = POT # { 23rd } # EUROCRYPT,
    booktitle   = POT # { 23rd } # EUROCRYPT,
    year        = 2004,
}


@Proceedings{EUROCRYPT05,
    title       = POT # { 24th } # EUROCRYPT,
    booktitle   = POT # { 24th } # EUROCRYPT,
    year        = 2005,
}


@Proceedings{EUROCRYPT06,
    title       = POT # { 25th } # EUROCRYPT,
    booktitle   = POT # { 25th } # EUROCRYPT,
    year        = 2006,
}


@Proceedings{EUROCRYPT07,
    title       = POT # { 26th } # EUROCRYPT,
    booktitle   = POT # { 26th } # EUROCRYPT,
    year        = 2007,
}


@Proceedings{EUROCRYPT08,
    title       = POT # { 27th } # EUROCRYPT,
    booktitle   = POT # { 27th } # EUROCRYPT,
    year        = 2008,
}


@Proceedings{EUROCRYPT09,
    title       = POT # { 28th } # EUROCRYPT,
    booktitle   = POT # { 28th } # EUROCRYPT,
     year        = 2009,
  }
  
  @Proceedings{EUROCRYPT10,
    title       = POT # { 29th } # EUROCRYPT,
    booktitle   = POT # { 29th } # EUROCRYPT,
     year        = 2010,
  }
  
  
   @Proceedings{EUROCRYPT11,
    title       = POT # { 30th } # EUROCRYPT,
    booktitle   = POT # { 30th } # EUROCRYPT,
     year        = 2011,
  }
  
    @Proceedings{EUROCRYPT12,
    title       = POT # { 31st } # EUROCRYPT,
    booktitle   = POT # { 31st } # EUROCRYPT,
     year        = 2012,
  }

@Proceedings{CRYPTO84,
	title = POT # { 4th } # CRYPTO,
	booktitle = POT # { 4th } # CRYPTO, 
	year = 1984
}

@Proceedings{CRYPTO00,
	title = POT # { 20th } # CRYPTO,
	booktitle = POT # { 20th } # CRYPTO, 
	year = 2000
}

@Proceedings{CRYPTO01,
	title = POT # { 21st } # CRYPTO,
	booktitle = POT # { 21st } # CRYPTO, 
	year = 2001
}

@Proceedings{CRYPTO04,
	title = POT # { 24th } # CRYPTO,
	booktitle = POT # { 24th } # CRYPTO, 
	year = 2004
}


@Proceedings{CRYPTO05,
	title = POT # { 25th } # CRYPTO,
	booktitle = POT # { 25th } # CRYPTO, 
	year = 2005
}

@Proceedings{CRYPTO06,
	title = POT # { 26th } # CRYPTO,
	booktitle = POT # { 26th } # CRYPTO, 
	year = 2006
}

@Proceedings{CRYPTO07,
	title = POT # { 27th } # CRYPTO,
	booktitle = POT # { 27th } # CRYPTO, 
	year = 2007
}


@Proceedings{CRYPTO08,
	title = POT # { 28th } # CRYPTO,
	booktitle = POT # { 28th } # CRYPTO, 
	year = 2008
}


@Proceedings{CRYPTO10,
	title = POT # { 30th } # CRYPTO,
	booktitle = POT # { 30th } # CRYPTO, 
	year = 2010
}


@Proceedings{CRYPTO11,
	title = POT # { 31st } # CRYPTO,
	booktitle = POT # { 31st } # CRYPTO, 
	year = 2011
}

@Proceedings{CRYPTO12,
	title = POT # { 32nd } # CRYPTO,
	booktitle = POT # { 32nd } # CRYPTO, 
	year = 2012
}

@Proceedings{CRYPTO13,
	title = POT # { 33rd } # CRYPTO,
	booktitle = POT # { 33rd } # CRYPTO, 
	year = 2013
}

@Proceedings{CRYPTO14,
	title = POT # { 34th } # CRYPTO,
	booktitle = POT # { 34th } # CRYPTO, 
	year = 2014
}

@Proceedings{CIDR11,
	booktitle = POT # { 4th } # CIDR,
	title = POT # { 4th } # CIDR,
	year = 2011
}

@Proceedings{CIDR13,
	booktitle = POT # { 6th } # CIDR,
	title = POT # { 6th } # CIDR,
	year = 2013
}

@Proceedings{FPL13,
	booktitle = POT # { 23rd } # FPL,
	title = POT # { 23rd } # FPL,
	year = {2013}
}



@Proceedings{IFIPDAS03,
	booktitle = POT # { 17th } # IFIPDAS,
 	title =  POT # { 17th } # IFIPDAS,
	year = 2003
}

@Proceedings{IFIPDAS05,
	booktitle = POT # { 19th } # IFIPDAS,
 	title =  POT # { 19th } # IFIPDAS,
	year = 2005
}