 @misc{aryaka,
      title = {{Aryaka WAN Optimization}},
     howpublished = {\url{http://www.aryaka.com/}}
  }
 
  @misc{zscalar,
      title = {{ZScalar Internet Security}},
      howpublished = {\url{http://www.zscaler.com/}}
  }
 
 
  @misc{nfv,
    title={{NFV Whitepaper}},
    author={{European Telecommunications Standards Institute}},
    howpublished = { \url{https://portal.etsi.org/nfv/nfv_white_paper.pdf}}
  }
 
  @misc{nfvwg,
      title = {{NFV Membership : ETSI Portal}},
      howpublished = {\url{https://portal.etsi.org/TBSiteMap/NFV/NFVMembership.aspx}
      }
  } 


@inproceedings{aplomb,
  author = {Sherry, Justine and Hasan, Shaddi and Scott, Colin and Krishnamurthy, Arvind and Ratnasamy, Sylvia and Sekar, Vyas},
  title = {{Making Middleboxes Someone Else's Problem: Network Processing As a Cloud Service}},
  booktitle = {{Proc. ACM SIGCOMM}},
  year = {2012},
} 


@misc{ssldump,
  title = {{ssldump}},
  howpublished = {\url{http://www.rtfm.com/ssldump/}}
}


@misc{bluecoat,
  title = {{SSL Encrypted Traffic Visibility and Management}},
  author = {{BlueCoat}},
  howpublished = {\url{https://www.bluecoat.com/products/ssl-encrypted-traffic-visibility\\-and-management}}
}

@misc{parents,
  title={{University of Toulouse Internet Blacklists}},
  howpublished={\url{http://dsi.ut-capitole.fr/blacklists/}}
}
@article{click,
  author = {Kohler, Eddie and Morris, Robert and Chen, Benjie and Jannotti, John and Kaashoek, M. Frans},
  title = {{The Click Modular Router}},
  journal = {ACM Trans. Comput. Syst.},
  volume = {18},
  number = {3},
  month = aug,
  year = {2000},
  pages = {263--297},
} 

@mis{gnutls,
  title = {{The GnuTLS Transport Layer Security Library}},
  howpublished = {{\url{http://www.gnutls.org/}}}
}

@misc{Snort,
  title = {Snort},
  howpublished={\url{https://www.snort.org/}}
}

@misc{Snort_manual,
  title = {Snort Users Manual},
  year = {2014},
  author = {{The Snort Project}},
  note = {Version 2.9.7}
}

@misc{Bro, 
  title = {{Bro}: {A} System for Detecting Network Intruders in Real-Time},
  author = {Vern Paxson},
  year = {1999},
  howpublished={\url{https://www.bro.org/}}
}

@TechReport{CMU_exfiltration_report,
  author = {George J. Silowash and  Todd Lewellen and Joshua W. Burns and Daniel L. Costa },
  title = {Detecting and Preventing Data Exfiltration Through Encrypted Web Sessions via Traffic Inspection},
  number = {CMU/SEI-2013-TN-012},
  year = {2013},
  institution = {{CERT} {P}rogram}
}


@TechReport{beyond_the_radio,
  title = {Beyond the Radio: Illuminating the Higher Layers of Mobile Networks},
  author = {N. Vallina-Rodriguez and S. Sundaresan and C. Kreibich and N. Weaver and V. Paxson},
  number = {TR-14-003},
  year = {2014},
  institution = {ICSI}
}	

@inproceedings{Meddle,
  author = {Ashwin Rao and Justine Sherry and Arnaud Legout  and Walid Dabbout and Arvind Krishnamurthy and David Choffnes},
  title = {{Meddle}: Middleboxes for Increased Transparency and Control of Mobile Traffic},
  year = {2012},
  booktitle = {CoNEXT Student Workshop}
}

@TechReport{Meddle_tech,
  author = {Ashwin Rao and Arash Molavi Kakhki and Abbas Razaghpanah and Amy Tang and Shen Wang and Justine Sherry and Phillipa Gill and Arvind Krishnamurthy and Arnaud Legout and Alan Mislove and David Choffnes},
  title = {Using the Middle to Meddle with Mobile Tech},
  number = {NEU-CCS-2013-12-10},
  year = {2013},
  institution  = {CCIS, Northeastern}
} 

@inproceedings{Yamada_IDS,
  author = {Yamada, A. and Saitama Miyake, Y.  and Takemori, K. and Studer, A. and Perrig, A.},
  title = {Intrusion Detection for Encrypted Web Accesses},
  year = {2007},
  booktitle = {21st International Conference on Advanced Information Networking and Applications Workshops}
}

@misc{SSL_intercept,
  title = {SSL/TLS Interception Proxies and Transitive Trust},
  author = {Jeff Jarmoc},
  year = {2012}, 
  journal = {Black Hat Europe}
}

@article{GOGO_fakecert,
  title = {Gogo in-flight {Wi-Fi} serving spoofed {SSL} certificates},
  author = {Adrian Kingsley-Hughes},
  journal = {ZDNet}, 
  year = {2015},

}

howpublished = {{\small \url{http://www.zdnet.com/article/gogo-in-flight-wi-fi-serving-spoofed-ssl-certificates/}}}





@article{Tor_fakecert,   
  title = {Security vulnerability found in Cyberoam DPI devices (CVE-2012-3372)},
  author = {Runa},
  journal = {Tor project's blog},
  year = {2012}
}

\url{https://blog.torproject.org/blog/security-vulnerability-found-cyberoam-dpi-devices-cve-2012-3372}
Cyberroam installing fake certificates for torproject.org so the traffic can be inspected by their DPI devices, etc


  @misc{PBC_library,
    title ={{PBC} Library: The Pairing-Based Cryptography Library},
    note = {\url{http://crypto.stanford.edu/pbc/}},
    author = {Ben Lynn}
  }


@article{thecostofS,
  author = {David Naylor and  
    Alessandro Finamore and 
      Ilias Leontiadis and
      Yan Grunenberger and 
      Marco Mellia and
      Maurizio Munafo and 
      Konstantina Papagiannaki  and
      Peter Steenkiste},
  title = {The Cost of the ``S'' in HTTPS},
  year = {2014},
  booktitle = {{CoNEXT}}
}

\url{http://www.cs.cmu.edu/~dnaylor/CostOfTheS.pdf} Cost of the S
  "From the previous experiments it becomes evident that
  the most significantcant HTTPS overheads on client performance
  are increased latency and the inability to utilize useful" mid-
  dleboxes that may bring content closer to the client or re-
  duce its size through network-aware compression."


  @article{Gogo_privacy,
    title = {The Feds Cut a Deal With In-Flight {Wi-Fi} Providers, and Privacy Groups Are Worried},
    author = {Kim Zetter},
    journal = {Wired},
    year = {2014}
  }
However, a Wired article from April 2014 raised concerns that Gogo's federal wiretap provisions "may be doing more than the law requires."
  \url{http://www.wired.com/2014/04/gogo-collaboration-feds/}
Gogo might collect private data

  @inproceedings{forgedSSL,
    title = {Analyzing Forged SSL Certificates in the Wild},
    author = {Lin-Shung Huang and Alex Rice and Erling Ellingsen and Collin Jackson},
    year = {2014},
    booktitle = {IEEE Symposium on Security and Privacy}
  }

@misc{SPDY,
  title = {SPDY: An experimental protocol for a faster web},
  author = {The Chromium Projects},
  howpublished = {\url{http://www.chromium.org/spdy/spdy-whitepaper}}
}

@inproceedings{JustGarble,
  title = {Efficient Garbling from a Fixed-Key Blockcipher},
  author = {Mihir Bellare and Viet Tung Hoang and Sriram Keelveedhi and Phillip Rogaway},
  booktitle = {IEEE Symposium on Security and Privacy},
  year = 2013
}

@misc{OTExtension_library,
  title = {{OT Extension library}},
  howpublished = {\url{https://github.com/encryptogroup/OTExtension}},
}

@inproceedings{OTExtension_paper,
  title = {More Efficient Oblivious Transfer and Extensions for Faster Secure Computation},
  author = {Gilad Asharov and Yehuda Lindell and Thomas Schneider and Michael Zohner},
  booktitle = {CCS},
  year = {2013}
}


@inproceedings{OT_NaorPinkas,
  title = {Oblivious transfer with adaptive queries},
  author = {Moni Naor and Benny Pinkas},
  booktitle = {{CRYPTO}},
  year = {1999}
}

@inproceedings{HEKM11,
  title = {Faster secure two-party computation using garbled circuits},
  author = {Y. Huang and  D. Evans and J. Katz and L. Malka},
  booktitle = {USENIX Security Symposium},
  year = {2011}
}

@inproceedings{KSS12,
  title = {Billion-gate secure computation with malicious adversaries},
  author = {B. Kreuter and A. Shelat and C. Shen},
  booktitle = {USENIX Security Symposium},
  year = 2012
}


@misc{BlindBox_proofs,
  title = {A cryptographic treatment of {BlindBox}},
  author = {Anonymized {BlindBox} authors},
  howpublished = {\url{https://www.dropbox.com/s/9ir6rojjkz4vv00/blindbox.pdf?dl=0}},
  year = {2014}
}


@misc{packet_classif,
	title = {Algorithms for Packet Classification},
author = {Pankaj Gupta and Nick McKeown},
howpublished = {IEEE Network}, 
year = {2001}
}

@misc{verizon-costs,
  title = {{Verizon High Speed Internet Packages}},
  howpublished = {\url{http://www.verizon.com/smallbusiness/products/business-internet/broadband-packages/}}
}

@misc{megapath-costs,
  title = {{Megapath: Ethernet Data Plus}},
  howpublished = {\url{http://www.megapath.com/promos/ethernet-dataplus/}}
}

@misc{comcast-costs,
  title = {{Comcast: Small Business Internet}},
  howpublished = {\url{http://business.comcast.com/internet/business-internet/plans-pricing}}
}

@inproceedings{blindbox,
	title = {BlindBox: Deep packet inspection over encrypted traffic},
	author = {Justine Sherry and Chang Lan and Raluca Ada Popa and Sylvia Ratnasamy},
	booktitle = {{Cryptology ePrint Archive}},
  number = {{2015/264}},
	year = {2015} 
}


@book{GoldreichVol1,
   title = "Foundations of cryptography: Basic tools",
   author = "Goldreich, Oded",
   publisher = "Cambridge University Press",
   isbn = "0-521-79172-3",
   year = 2003
}


@inproceedings{BonehRange,
	title = {Fully Collusion Resistant Traitor Tracing With Short Ciphertexts and Private Keys},
	author = {Dan Boneh and  Amit Sahai and Brent Waters},
	crossref = {EUROCRYPT06}
}

@inproceedings{Vern:Anonymize06,
	title = {The Devil and Packet Trace Anonymization},
	author = {Ruoming Pang and Mark Allman and Vern Paxson and Jason Lee},
	year = {2006},
	booktitle = {Computer Communication Review}
}

@inproceedings{Vern:Anonymize03,
	title = {A High-level Programming Environment for Packet Trace
Anonymization and Transformation},
	author = {Ruoming Pang and Vern Paxson},
	crossref = {SIGCOMM03}
}

